Plateforme,Asset,Quote,Datetime,Bid,BidAmount,Ask,AskAmount,OpenInterest
Deribit,btc_usd,10715.99,1601991175.523,10714.5,440710.0,10715.0,71950.0,94471570
Deribit,eth_usd,347.31,1601991175.442,347.05,90020.0,347.1,826.0,27474198
Deribit,btc_usd,10716.06,1601991175.877,10714.5,443910.0,10715.0,71950.0,94471570
Deribit,btc_usd,10716.06,1601991175.906,10714.5,447110.0,10715.0,71950.0,94471570
Deribit,btc_usd,10716.06,1601991175.906,10714.5,453510.0,10715.0,71950.0,94471570
Deribit,btc_usd,10716.06,1601991175.929,10714.5,456710.0,10715.0,71950.0,94471570
Deribit,eth_usd,347.31,1601991176.278,347.05,90020.0,347.1,3926.0,27474198
Deribit,eth_usd,347.31,1601991176.771,347.05,90020.0,347.1,826.0,27474198
Deribit,btc_usd,10716.03,1601991176.989,10714.5,461710.0,10715.0,71950.0,94471570
Deribit,eth_usd,347.31,1601991177.267,347.05,90020.0,347.1,4026.0,27474198
Deribit,eth_usd,347.31,1601991177.694,347.05,90020.0,347.1,826.0,27474198
Deribit,eth_usd,347.31,1601991178.141,347.05,90020.0,347.1,26.0,27474198
Deribit,btc_usd,10716.09,1601991179.64,10714.5,464910.0,10715.0,71950.0,94471570
Deribit,btc_usd,10716.28,1601991179.674,10714.5,464910.0,10715.0,71960.0,94471570
Deribit,btc_usd,10716.28,1601991180.122,10714.5,464910.0,10715.0,71050.0,94470660
Deribit,eth_usd,347.32,1601991180.827,347.05,90020.0,347.1,31.0,27474198
Deribit,btc_usd,10716.26,1601991181.957,10714.5,464920.0,10715.0,71050.0,94470660
Deribit,btc_usd,10716.26,1601991182.086,10714.5,464920.0,10715.0,59750.0,94462760
Deribit,btc_usd,10716.26,1601991182.102,10714.5,464800.0,10715.0,59750.0,94462760
Deribit,btc_usd,10716.26,1601991182.109,10714.5,464800.0,10715.0,42650.0,94445660
Deribit,btc_usd,10716.26,1601991182.112,10714.5,464800.0,10715.0,27650.0,94430660
Deribit,btc_usd,10716.26,1601991182.112,10714.5,464800.0,10715.0,27640.0,94430660
Deribit,btc_usd,10716.26,1601991182.113,10714.5,464800.0,10715.0,24230.0,94427250
Deribit,btc_usd,10716.26,1601991182.114,10714.5,468000.0,10715.0,24230.0,94427250
Deribit,btc_usd,10716.26,1601991182.115,10714.5,471200.0,10715.0,24230.0,94427250
Deribit,btc_usd,10716.26,1601991182.115,10714.5,474400.0,10715.0,24230.0,94427250
Deribit,btc_usd,10716.26,1601991182.116,10714.5,471200.0,10715.0,24230.0,94427250
Deribit,btc_usd,10716.26,1601991182.116,10714.5,477600.0,10715.0,24230.0,94427250
Deribit,btc_usd,10716.26,1601991182.117,10714.5,482600.0,10715.0,24230.0,94427250
Deribit,btc_usd,10716.26,1601991182.118,10714.5,482600.0,10715.0,10290.0,94413310
Deribit,btc_usd,10716.26,1601991182.119,10714.5,482600.0,10715.0,8040.0,94411060
Deribit,btc_usd,10716.26,1601991182.12,10714.5,482600.0,10715.0,6830.0,94411060
Deribit,eth_usd,347.33,1601991182.121,347.05,110020.0,347.1,31.0,27474198
Deribit,btc_usd,10716.26,1601991182.122,10714.5,482600.0,10715.0,3630.0,94411060
Deribit,btc_usd,10716.26,1601991182.122,10714.5,485800.0,10715.0,3630.0,94411060
Deribit,btc_usd,10716.26,1601991182.123,10714.5,482600.0,10715.0,3630.0,94411060
Deribit,btc_usd,10716.26,1601991182.125,10714.5,479400.0,10715.0,3630.0,94411060
Deribit,btc_usd,10716.26,1601991182.125,10715.0,2970.0,10715.5,60.0,94411200
Deribit,btc_usd,10716.26,1601991182.127,10716.0,9890.0,10716.5,1780.0,94410860
Deribit,btc_usd,10716.26,1601991182.135,10716.0,13090.0,10716.5,1780.0,94410860
Deribit,btc_usd,10716.26,1601991182.136,10716.0,16290.0,10716.5,1780.0,94410860
Deribit,btc_usd,10716.26,1601991182.137,10716.0,16290.0,10716.5,1770.0,94410860
Deribit,btc_usd,10716.26,1601991182.142,10716.0,16390.0,10716.5,1770.0,94410860
Deribit,btc_usd,10716.26,1601991182.143,10716.0,22790.0,10716.5,1770.0,94410860
Deribit,btc_usd,10716.26,1601991182.144,10716.0,27790.0,10716.5,1770.0,94410860
Deribit,btc_usd,10716.26,1601991182.146,10716.0,30990.0,10716.5,1770.0,94410860
Deribit,btc_usd,10716.26,1601991182.149,10716.0,34190.0,10716.5,1770.0,94410860
Deribit,btc_usd,10716.26,1601991182.151,10716.0,37390.0,10716.5,1770.0,94410860
Deribit,btc_usd,10716.26,1601991182.156,10716.0,37390.0,10716.5,1550.0,94410860
Deribit,btc_usd,10716.26,1601991182.157,10716.0,183320.0,10716.5,1550.0,94410860
Deribit,btc_usd,10716.26,1601991182.159,10716.0,189720.0,10716.5,1550.0,94410860
Deribit,btc_usd,10716.26,1601991182.161,10716.0,191520.0,10716.5,1550.0,94410860
Deribit,btc_usd,10716.26,1601991182.164,10716.0,211520.0,10716.5,1550.0,94410860
Deribit,btc_usd,10716.26,1601991182.167,10716.0,214020.0,10716.5,1550.0,94410860
Deribit,btc_usd,10716.26,1601991182.172,10716.0,217220.0,10716.5,1550.0,94410860
Deribit,btc_usd,10716.26,1601991182.173,10716.0,220420.0,10716.5,1550.0,94410860
Deribit,btc_usd,10716.26,1601991182.179,10716.0,226820.0,10716.5,1550.0,94410860
Deribit,btc_usd,10716.26,1601991182.18,10716.0,230020.0,10716.5,1550.0,94410860
Deribit,btc_usd,10716.26,1601991182.181,10716.0,226820.0,10716.5,1550.0,94410860
Deribit,btc_usd,10716.26,1601991182.182,10716.0,223620.0,10716.5,1550.0,94410860
Deribit,btc_usd,10716.26,1601991182.186,10716.0,223620.0,10716.5,1510.0,94410860
Deribit,btc_usd,10716.26,1601991182.188,10716.0,217220.0,10716.5,1510.0,94410860
Deribit,btc_usd,10716.26,1601991182.189,10716.0,214020.0,10716.5,1510.0,94410860
Deribit,btc_usd,10716.26,1601991182.19,10716.0,210820.0,10716.5,1510.0,94410860
Deribit,btc_usd,10716.26,1601991182.191,10716.0,207620.0,10716.5,1510.0,94410860
Deribit,eth_usd,347.33,1601991182.191,347.05,110020.0,347.2,12038.0,27474187
Deribit,btc_usd,10716.26,1601991182.192,10716.0,279020.0,10716.5,1510.0,94410860
Deribit,btc_usd,10716.26,1601991182.193,10716.0,272620.0,10716.5,1510.0,94410860
Deribit,eth_usd,347.33,1601991182.199,347.15,120.0,347.2,12038.0,27474187
Deribit,eth_usd,347.33,1601991182.201,347.15,9820.0,347.2,12038.0,27474187
Deribit,btc_usd,10716.26,1601991182.207,10716.0,308110.0,10716.5,1510.0,94410860
Deribit,btc_usd,10716.26,1601991182.211,10716.0,361710.0,10716.5,1510.0,94410860
Deribit,eth_usd,347.33,1601991182.213,347.15,11820.0,347.2,12038.0,27474187
Deribit,eth_usd,347.33,1601991182.216,347.15,94910.0,347.2,12038.0,27474187
Deribit,btc_usd,10716.26,1601991182.214,10716.0,361710.0,10717.0,520.0,94410400
Deribit,eth_usd,347.33,1601991182.22,347.15,94910.0,347.2,6085.0,27474187
Deribit,btc_usd,10716.26,1601991182.224,10716.5,6400.0,10717.0,520.0,94410400
Deribit,btc_usd,10716.26,1601991182.225,10716.5,9600.0,10717.0,520.0,94410400
Deribit,btc_usd,10716.26,1601991182.225,10716.5,12800.0,10717.0,520.0,94410400
Deribit,btc_usd,10716.26,1601991182.226,10716.5,16000.0,10717.0,520.0,94410400
Deribit,btc_usd,10716.26,1601991182.227,10716.5,18300.0,10717.0,520.0,94410400
Deribit,btc_usd,10716.26,1601991182.227,10716.5,20600.0,10717.0,520.0,94410400
Deribit,btc_usd,10716.26,1601991182.228,10716.5,23100.0,10717.0,520.0,94410400
Deribit,btc_usd,10716.26,1601991182.232,10716.5,25600.0,10717.0,520.0,94410400
Deribit,btc_usd,10716.26,1601991182.233,10716.5,45600.0,10717.0,520.0,94410400
Deribit,btc_usd,10716.26,1601991182.234,10716.5,48100.0,10717.0,520.0,94410400
Deribit,btc_usd,10716.26,1601991182.237,10716.5,49900.0,10717.0,520.0,94410400
Deribit,eth_usd,347.33,1601991182.24,347.15,95410.0,347.2,6085.0,27474187
Deribit,btc_usd,10716.26,1601991182.246,10716.5,56300.0,10717.0,520.0,94410400
Deribit,btc_usd,10716.26,1601991182.247,10716.5,59500.0,10717.0,520.0,94410400
Deribit,btc_usd,10716.26,1601991182.248,10716.5,62700.0,10717.0,520.0,94410400
Deribit,btc_usd,10716.26,1601991182.249,10716.5,65900.0,10717.0,520.0,94410400
Deribit,btc_usd,10716.26,1601991182.25,10717.5,10100.0,10718.0,25160.0,94410200
Deribit,btc_usd,10716.26,1601991182.26,10717.5,13300.0,10718.0,25160.0,94410200
Deribit,btc_usd,10716.26,1601991182.261,10717.5,19700.0,10718.0,25160.0,94410200
Deribit,btc_usd,10716.26,1601991182.263,10717.5,22900.0,10718.0,25160.0,94410200
Deribit,btc_usd,10716.26,1601991182.264,10717.5,26100.0,10718.0,25160.0,94410200
Deribit,btc_usd,10716.26,1601991182.266,10717.5,26100.0,10718.0,23560.0,94411790
Deribit,btc_usd,10716.26,1601991182.271,10717.5,79690.0,10718.0,23560.0,94411790
Deribit,btc_usd,10716.26,1601991182.272,10717.5,81490.0,10718.0,23560.0,94411790
Deribit,eth_usd,347.33,1601991182.273,347.15,95420.0,347.2,6085.0,27474187
Deribit,btc_usd,10716.26,1601991182.275,10717.5,81490.0,10718.0,23570.0,94411790
Deribit,btc_usd,10716.26,1601991182.279,10717.5,101490.0,10718.0,23570.0,94411790
Deribit,btc_usd,10716.26,1601991182.28,10717.5,146990.0,10718.0,23570.0,94411790
Deribit,btc_usd,10716.26,1601991182.286,10717.5,146990.0,10718.0,23560.0,94411790
Deribit,btc_usd,10716.26,1601991182.29,10717.5,153390.0,10718.0,23560.0,94411790
Deribit,btc_usd,10716.26,1601991182.29,10717.5,156590.0,10718.0,23560.0,94411790
Deribit,btc_usd,10716.26,1601991182.291,10717.5,159790.0,10718.0,23560.0,94411790
Deribit,btc_usd,10716.26,1601991182.291,10717.5,166390.0,10718.0,23560.0,94411790
Deribit,btc_usd,10716.26,1601991182.301,10717.5,169590.0,10718.0,23560.0,94411790
Deribit,eth_usd,347.33,1601991182.307,347.15,95420.0,347.2,3242.0,27474207
Deribit,btc_usd,10716.26,1601991182.307,10717.5,166390.0,10718.0,23560.0,94411790
Deribit,eth_usd,347.33,1601991182.308,347.15,96220.0,347.2,3242.0,27474207
Deribit,btc_usd,10716.26,1601991182.309,10717.5,163190.0,10718.0,23560.0,94411790
Deribit,btc_usd,10716.26,1601991182.309,10717.5,156790.0,10718.0,23560.0,94411790
Deribit,btc_usd,10716.26,1601991182.31,10717.5,153590.0,10718.0,23560.0,94411790
Deribit,eth_usd,347.33,1601991182.314,347.15,96210.0,347.2,3242.0,27474207
Deribit,btc_usd,10716.26,1601991182.315,10717.5,108090.0,10718.0,23560.0,94411790
Deribit,btc_usd,10716.26,1601991182.318,10717.5,101490.0,10718.0,23560.0,94411790
Deribit,btc_usd,10716.26,1601991182.325,10717.5,101490.0,10718.0,23570.0,94411790
Deribit,eth_usd,347.33,1601991182.33,347.15,96210.0,347.2,3258.0,27474207
Deribit,btc_usd,10716.26,1601991182.39,10717.5,101470.0,10718.0,23570.0,94411770
Deribit,btc_usd,10716.26,1601991182.397,10717.5,222250.0,10718.0,23570.0,94411770
Deribit,eth_usd,347.33,1601991182.401,347.15,96220.0,347.2,3258.0,27474207
Deribit,eth_usd,347.33,1601991182.402,347.15,96210.0,347.2,3258.0,27474207
Deribit,eth_usd,347.33,1601991182.407,347.15,96220.0,347.2,3258.0,27474207
Deribit,eth_usd,347.33,1601991182.408,347.15,96210.0,347.2,3258.0,27474207
Deribit,eth_usd,347.33,1601991182.412,347.15,96220.0,347.2,3258.0,27474207
Deribit,eth_usd,347.33,1601991182.416,347.15,96210.0,347.2,3258.0,27474207
Deribit,eth_usd,347.33,1601991182.423,347.15,96220.0,347.2,3258.0,27474207
Deribit,btc_usd,10716.26,1601991182.423,10717.5,267490.0,10718.0,23570.0,94411770
Deribit,btc_usd,10716.26,1601991182.446,10717.5,267490.0,10718.0,23560.0,94411770
Deribit,btc_usd,10716.26,1601991182.456,10717.5,312490.0,10718.0,23560.0,94411770
Deribit,btc_usd,10716.26,1601991182.479,10717.5,312500.0,10718.0,23560.0,94411770
Deribit,btc_usd,10716.26,1601991182.481,10717.5,312490.0,10718.0,23560.0,94411770
Deribit,btc_usd,10716.26,1601991182.493,10717.5,312510.0,10718.0,23560.0,94411770
Deribit,eth_usd,347.33,1601991182.535,347.15,96220.0,347.2,21.0,27474207
Deribit,eth_usd,347.33,1601991182.586,347.15,96220.0,347.25,5.0,27474186
Deribit,eth_usd,347.33,1601991182.592,347.2,130.0,347.25,5.0,27474186
Deribit,eth_usd,347.33,1601991182.593,347.2,783.0,347.25,5.0,27474186
Deribit,eth_usd,347.33,1601991182.594,347.2,14983.0,347.25,5.0,27474186
Deribit,eth_usd,347.33,1601991182.598,347.2,15783.0,347.25,5.0,27474186
Deribit,eth_usd,347.33,1601991182.607,347.2,16283.0,347.25,5.0,27474186
Deribit,eth_usd,347.33,1601991182.63,347.2,16266.0,347.25,5.0,27474186
Deribit,btc_usd,10717.47,1601991182.676,10717.5,312510.0,10718.0,23560.0,94411770
Deribit,btc_usd,10717.47,1601991182.709,10717.5,312710.0,10718.0,23560.0,94411770
Deribit,eth_usd,347.33,1601991182.743,347.2,2066.0,347.25,5.0,27474186
Deribit,eth_usd,347.33,1601991182.748,347.2,2066.0,347.25,25.0,27474186
Deribit,btc_usd,10717.47,1601991182.754,10717.5,302630.0,10718.0,12850.0,94411770
Deribit,btc_usd,10717.47,1601991182.759,10717.5,305830.0,10718.0,12850.0,94411770
Deribit,btc_usd,10717.47,1601991182.76,10717.5,309030.0,10718.0,12850.0,94411770
Deribit,btc_usd,10717.47,1601991182.76,10717.5,312230.0,10718.0,12850.0,94411770
Deribit,btc_usd,10717.47,1601991182.761,10717.5,318630.0,10718.0,12850.0,94411770
Deribit,btc_usd,10717.47,1601991182.764,10717.5,318630.0,10718.0,2140.0,94411770
Deribit,btc_usd,10717.47,1601991182.766,10717.5,315430.0,10718.0,2140.0,94411770
Deribit,btc_usd,10717.47,1601991182.766,10717.5,312230.0,10718.0,2140.0,94411770
Deribit,btc_usd,10717.47,1601991182.767,10717.5,309030.0,10718.0,2140.0,94411770
Deribit,btc_usd,10717.47,1601991182.767,10717.5,302630.0,10718.0,2140.0,94411770
Deribit,btc_usd,10717.47,1601991182.768,10717.5,357130.0,10718.0,2140.0,94411770
Deribit,btc_usd,10717.47,1601991182.77,10717.5,359430.0,10718.0,2140.0,94411770
Deribit,btc_usd,10717.47,1601991182.77,10717.5,361730.0,10718.0,2140.0,94411770
Deribit,btc_usd,10717.47,1601991182.771,10717.5,368130.0,10718.0,2140.0,94411770
Deribit,btc_usd,10717.47,1601991182.771,10717.5,370630.0,10718.0,2140.0,94411770
Deribit,btc_usd,10717.47,1601991182.772,10717.5,373830.0,10718.0,2140.0,94411770
Deribit,btc_usd,10717.47,1601991182.773,10717.5,377030.0,10718.0,2140.0,94411770
Deribit,btc_usd,10717.47,1601991182.773,10717.5,380230.0,10718.0,2140.0,94411770
Deribit,btc_usd,10717.47,1601991182.774,10717.5,325730.0,10718.0,2140.0,94411770
Deribit,eth_usd,347.33,1601991182.775,347.2,70916.0,347.25,25.0,27474186
Deribit,btc_usd,10717.47,1601991182.775,10717.5,325710.0,10718.0,2140.0,94411770
Deribit,btc_usd,10717.47,1601991182.777,10717.5,336420.0,10718.0,2140.0,94411770
Deribit,btc_usd,10717.47,1601991182.778,10717.5,330020.0,10718.0,2140.0,94411770
Deribit,btc_usd,10717.47,1601991182.781,10717.5,326820.0,10718.0,2140.0,94411770
Deribit,btc_usd,10717.47,1601991182.782,10717.5,323620.0,10718.0,2140.0,94411770
Deribit,btc_usd,10717.47,1601991182.782,10717.5,320420.0,10718.0,2140.0,94411770
Deribit,btc_usd,10717.47,1601991182.798,10717.5,360630.0,10718.0,2140.0,94411770
Deribit,btc_usd,10717.47,1601991182.807,10718.0,17850.0,10718.5,410.0,94411770
Deribit,btc_usd,10717.47,1601991182.812,10718.0,72250.0,10718.5,410.0,94411770
Deribit,btc_usd,10717.47,1601991182.812,10718.0,75450.0,10718.5,410.0,94411770
Deribit,btc_usd,10717.47,1601991182.813,10718.0,81850.0,10718.5,410.0,94411770
Deribit,btc_usd,10717.47,1601991182.814,10718.0,85050.0,10718.5,410.0,94411770
Deribit,btc_usd,10717.47,1601991182.814,10718.0,88250.0,10718.5,410.0,94411770
Deribit,btc_usd,10717.47,1601991182.816,10718.0,90050.0,10718.5,410.0,94411770
Deribit,btc_usd,10717.47,1601991182.817,10718.0,98150.0,10718.5,410.0,94411770
Deribit,btc_usd,10717.47,1601991182.819,10718.0,118150.0,10718.5,410.0,94411770
Deribit,btc_usd,10717.47,1601991182.822,10718.0,118250.0,10718.5,410.0,94411770
Deribit,btc_usd,10717.47,1601991182.823,10718.0,110150.0,10718.5,410.0,94411770
Deribit,btc_usd,10717.47,1601991182.824,10718.0,113350.0,10718.5,410.0,94411770
Deribit,btc_usd,10717.47,1601991182.825,10718.0,119750.0,10718.5,410.0,94411770
Deribit,btc_usd,10717.47,1601991182.826,10718.0,122950.0,10718.5,410.0,94411770
Deribit,btc_usd,10717.47,1601991182.83,10718.0,126150.0,10718.5,410.0,94411770
Deribit,btc_usd,10717.47,1601991182.832,10718.0,129350.0,10718.5,410.0,94411770
Deribit,btc_usd,10717.47,1601991182.834,10718.0,135750.0,10718.5,410.0,94411770
Deribit,btc_usd,10717.47,1601991182.835,10718.0,138950.0,10718.5,410.0,94411770
Deribit,btc_usd,10717.47,1601991182.837,10718.0,183950.0,10718.5,410.0,94411770
Deribit,btc_usd,10717.47,1601991182.838,10718.0,187150.0,10718.5,410.0,94411770
Deribit,btc_usd,10717.47,1601991182.84,10718.0,183950.0,10718.5,410.0,94411770
Deribit,btc_usd,10717.47,1601991182.841,10718.0,177550.0,10718.5,410.0,94411770
Deribit,btc_usd,10717.47,1601991182.842,10718.0,174350.0,10718.5,410.0,94411770
Deribit,btc_usd,10717.47,1601991182.848,10718.0,171150.0,10718.5,410.0,94411770
Deribit,btc_usd,10717.47,1601991182.85,10718.0,167950.0,10718.5,410.0,94411770
Deribit,btc_usd,10717.47,1601991182.851,10718.0,161550.0,10718.5,410.0,94411770
Deribit,btc_usd,10717.47,1601991182.851,10718.0,158350.0,10718.5,410.0,94411770
Deribit,btc_usd,10717.47,1601991182.852,10718.0,155150.0,10718.5,410.0,94411770
Deribit,btc_usd,10717.47,1601991182.87,10718.0,155050.0,10718.5,410.0,94411770
Deribit,btc_usd,10717.47,1601991182.88,10718.0,208660.0,10718.5,410.0,94411770
Deribit,eth_usd,347.37,1601991182.95,347.2,70926.0,347.25,25.0,27474186
Deribit,btc_usd,10717.47,1601991182.953,10718.0,208640.0,10718.5,410.0,94411770
Deribit,btc_usd,10717.47,1601991182.961,10718.0,208740.0,10718.5,410.0,94411770
Deribit,btc_usd,10717.47,1601991183.025,10718.0,208740.0,10719.0,41960.0,94422620
Deribit,btc_usd,10717.47,1601991183.029,10718.0,208740.0,10719.0,40000.0,94424580
Deribit,btc_usd,10717.47,1601991183.03,10718.5,20.0,10719.0,40000.0,94424580
Deribit,btc_usd,10717.47,1601991183.031,10718.5,43720.0,10719.0,40000.0,94424580
Deribit,btc_usd,10717.47,1601991183.032,10718.5,46920.0,10719.0,40000.0,94424580
Deribit,btc_usd,10717.47,1601991183.032,10718.5,50120.0,10719.0,40000.0,94424580
Deribit,btc_usd,10717.47,1601991183.033,10718.5,56520.0,10719.0,40000.0,94424580
Deribit,btc_usd,10717.47,1601991183.033,10718.5,59720.0,10719.0,40000.0,94424580
Deribit,btc_usd,10717.47,1601991183.035,10718.5,84520.0,10719.0,40000.0,94424580
Deribit,btc_usd,10717.47,1601991183.036,10718.5,84520.0,10719.0,38230.0,94426350
Deribit,btc_usd,10717.47,1601991183.037,10718.5,129520.0,10719.0,38230.0,94426350
Deribit,btc_usd,10717.47,1601991183.038,10718.5,129520.0,10719.0,38240.0,94426350
Deribit,btc_usd,10717.47,1601991183.041,10718.5,132720.0,10719.0,38240.0,94426350
Deribit,btc_usd,10717.47,1601991183.042,10718.5,132720.0,10719.0,36960.0,94427630
Deribit,btc_usd,10717.47,1601991183.043,10718.5,135920.0,10719.0,36960.0,94427630
Deribit,btc_usd,10717.47,1601991183.045,10718.5,137720.0,10719.0,36960.0,94427630
Deribit,btc_usd,10717.47,1601991183.046,10718.5,140920.0,10719.0,36960.0,94427630
Deribit,btc_usd,10717.47,1601991183.046,10718.5,295940.0,10719.0,36960.0,94427630
Deribit,btc_usd,10717.47,1601991183.048,10718.5,302340.0,10719.0,36960.0,94427630
Deribit,btc_usd,10717.47,1601991183.048,10718.5,305540.0,10719.0,36960.0,94427630
Deribit,btc_usd,10717.47,1601991183.049,10718.5,308740.0,10719.0,36960.0,94427630
Deribit,btc_usd,10717.47,1601991183.05,10718.5,311940.0,10719.0,36960.0,94427630
Deribit,btc_usd,10717.47,1601991183.05,10718.5,318340.0,10719.0,36960.0,94427630
Deribit,btc_usd,10717.47,1601991183.051,10718.5,321540.0,10719.0,36960.0,94427630
Deribit,btc_usd,10717.47,1601991183.052,10718.5,324740.0,10719.0,36960.0,94427630
Deribit,btc_usd,10717.47,1601991183.052,10718.5,321540.0,10719.0,36960.0,94427630
Deribit,btc_usd,10717.47,1601991183.053,10718.5,315140.0,10719.0,36960.0,94427630
Deribit,btc_usd,10717.47,1601991183.054,10718.5,311940.0,10719.0,36960.0,94427630
Deribit,btc_usd,10717.47,1601991183.054,10718.5,308740.0,10719.0,36960.0,94427630
Deribit,btc_usd,10717.47,1601991183.055,10718.5,305540.0,10719.0,36960.0,94427630
Deribit,btc_usd,10717.47,1601991183.055,10718.5,299140.0,10719.0,36960.0,94427630
Deribit,btc_usd,10717.47,1601991183.058,10718.5,295940.0,10719.0,36960.0,94427630
Deribit,btc_usd,10717.47,1601991183.059,10718.5,292740.0,10719.0,36960.0,94427630
Deribit,btc_usd,10717.47,1601991183.061,10718.5,289540.0,10719.0,36960.0,94427630
Deribit,btc_usd,10717.47,1601991183.062,10718.5,286340.0,10719.0,36960.0,94427630
Deribit,btc_usd,10717.47,1601991183.063,10718.5,339950.0,10719.0,36960.0,94427630
Deribit,btc_usd,10717.47,1601991183.066,10718.5,339950.0,10719.0,31280.0,94433310
Deribit,btc_usd,10717.47,1601991183.095,10718.5,339950.0,10719.5,52400.0,94433210
Deribit,btc_usd,10717.47,1601991183.099,10719.0,27800.0,10719.5,52400.0,94433210
Deribit,btc_usd,10717.47,1601991183.1,10719.0,34200.0,10719.5,52400.0,94433210
Deribit,btc_usd,10717.47,1601991183.101,10719.0,37400.0,10719.5,52400.0,94433210
Deribit,btc_usd,10717.47,1601991183.101,10719.0,40600.0,10719.5,52400.0,94433210
Deribit,btc_usd,10717.47,1601991183.102,10719.0,43800.0,10719.5,52400.0,94433210
Deribit,btc_usd,10717.47,1601991183.102,10719.0,46100.0,10719.5,52400.0,94433210
Deribit,btc_usd,10717.47,1601991183.103,10719.0,93000.0,10719.5,52400.0,94433210
Deribit,btc_usd,10717.47,1601991183.104,10719.0,95300.0,10719.5,52400.0,94433210
Deribit,btc_usd,10717.47,1601991183.105,10719.0,140300.0,10719.5,52400.0,94433210
Deribit,btc_usd,10717.47,1601991183.112,10719.0,146700.0,10719.5,52400.0,94433210
Deribit,btc_usd,10717.47,1601991183.113,10719.0,149900.0,10719.5,52400.0,94433210
Deribit,btc_usd,10717.47,1601991183.115,10719.0,149900.0,10719.5,52410.0,94433210
Deribit,btc_usd,10717.47,1601991183.117,10719.0,153100.0,10719.5,52410.0,94433210
Deribit,btc_usd,10717.47,1601991183.118,10719.0,159500.0,10719.5,52410.0,94433210
Deribit,btc_usd,10717.47,1601991183.119,10719.0,162700.0,10719.5,52410.0,94433210
Deribit,btc_usd,10717.47,1601991183.121,10719.0,164500.0,10719.5,52410.0,94433210
Deribit,btc_usd,10717.47,1601991183.122,10719.0,167700.0,10719.5,52410.0,94433210
Deribit,btc_usd,10717.47,1601991183.123,10719.0,174100.0,10719.5,52410.0,94433210
Deribit,btc_usd,10717.47,1601991183.125,10719.0,170900.0,10719.5,52410.0,94433210
Deribit,btc_usd,10717.47,1601991183.128,10719.0,167700.0,10719.5,52410.0,94433210
Deribit,btc_usd,10717.47,1601991183.128,10719.0,161300.0,10719.5,52410.0,94433210
Deribit,btc_usd,10717.47,1601991183.13,10719.0,158100.0,10719.5,52410.0,94433210
Deribit,btc_usd,10717.47,1601991183.13,10719.0,154900.0,10719.5,52410.0,94433210
Deribit,btc_usd,10717.47,1601991183.131,10719.0,148500.0,10719.5,52410.0,94433210
Deribit,btc_usd,10717.47,1601991183.133,10719.0,142100.0,10719.5,52410.0,94433210
Deribit,btc_usd,10717.47,1601991183.152,10719.0,188500.0,10719.5,52410.0,94433210
Deribit,btc_usd,10717.47,1601991183.164,10719.0,228730.0,10719.5,52410.0,94433210
Deribit,btc_usd,10717.47,1601991183.213,10719.0,231230.0,10719.5,52410.0,94433210
Deribit,btc_usd,10717.47,1601991183.332,10719.0,241230.0,10719.5,52410.0,94433210
Deribit,btc_usd,10717.47,1601991183.345,10719.0,241330.0,10719.5,52410.0,94433210
Deribit,btc_usd,10717.47,1601991183.44,10719.0,241480.0,10719.5,52410.0,94433210
Deribit,btc_usd,10717.47,1601991183.478,10719.0,241580.0,10719.5,52410.0,94433210
Deribit,btc_usd,10717.78,1601991183.732,10719.0,194680.0,10719.5,52410.0,94433210
Deribit,btc_usd,10717.78,1601991183.915,10719.0,196280.0,10719.5,52410.0,94433210
Deribit,btc_usd,10717.78,1601991184.004,10719.0,196480.0,10719.5,52410.0,94433210
Deribit,eth_usd,347.38,1601991184.055,347.2,70926.0,347.4,169002.0,27474186
Deribit,eth_usd,347.38,1601991184.059,347.25,8900.0,347.4,169002.0,27474186
Deribit,eth_usd,347.38,1601991184.06,347.35,113.0,347.4,169002.0,27474186
Deribit,btc_usd,10717.78,1601991184.067,10719.0,196480.0,10719.5,52510.0,94433210
Deribit,eth_usd,347.38,1601991184.075,347.35,113.0,347.4,163149.0,27474186
Deribit,btc_usd,10717.78,1601991184.119,10719.0,196380.0,10719.5,52510.0,94433210
Deribit,eth_usd,347.38,1601991184.121,347.35,113.0,347.4,163119.0,27474156
Deribit,eth_usd,347.38,1601991184.15,347.35,113.0,347.4,163179.0,27474156
Deribit,eth_usd,347.38,1601991184.175,347.35,113.0,347.4,163199.0,27474156
Deribit,eth_usd,347.38,1601991184.195,347.35,113.0,347.4,163239.0,27474156
Deribit,eth_usd,347.38,1601991184.234,347.25,800.0,347.4,163239.0,27474269
Deribit,eth_usd,347.38,1601991184.241,347.25,800.0,347.35,113.0,27474269
Deribit,eth_usd,347.38,1601991184.242,347.25,800.0,347.35,11313.0,27474269
Deribit,eth_usd,347.38,1601991184.245,347.25,800.0,347.3,653.0,27474269
Deribit,eth_usd,347.38,1601991184.251,347.25,800.0,347.3,3753.0,27474269
Deribit,eth_usd,347.38,1601991184.261,347.25,800.0,347.3,4313.0,27474269
Deribit,eth_usd,347.38,1601991184.273,347.25,810.0,347.3,4313.0,27474269
Deribit,eth_usd,347.38,1601991184.277,347.25,83300.0,347.3,4313.0,27474269
Deribit,eth_usd,347.38,1601991184.286,347.25,83800.0,347.3,4313.0,27474269
Deribit,eth_usd,347.38,1601991184.288,347.25,83800.0,347.3,1213.0,27474269
Deribit,eth_usd,347.38,1601991184.366,347.25,83800.0,347.3,1230.0,27474269
Deribit,btc_usd,10717.78,1601991184.569,10719.0,249980.0,10719.5,52510.0,94433210
Deribit,btc_usd,10717.78,1601991184.68,10719.0,250940.0,10719.5,52510.0,94433210
Deribit,btc_usd,10717.78,1601991184.682,10719.0,251900.0,10719.5,52510.0,94433210
Deribit,btc_usd,10717.78,1601991184.688,10719.0,251910.0,10719.5,52510.0,94433210
Deribit,btc_usd,10717.93,1601991184.764,10719.0,250950.0,10719.5,52510.0,94433210
Deribit,btc_usd,10717.93,1601991184.764,10719.0,249990.0,10719.5,52510.0,94433210
Deribit,eth_usd,347.38,1601991184.927,347.25,85800.0,347.3,1230.0,27474269
Deribit,eth_usd,347.43,1601991184.929,347.25,85800.0,347.3,1230.0,27474269
Deribit,eth_usd,347.43,1601991185.178,347.25,85800.0,347.3,2030.0,27474269
Deribit,eth_usd,347.43,1601991185.197,347.25,85800.0,347.3,1230.0,27474269
Deribit,eth_usd,347.43,1601991185.266,347.25,85800.0,347.3,35960.0,27474269
Deribit,btc_usd,10717.93,1601991185.357,10719.0,249980.0,10719.5,52510.0,94433210
Deribit,eth_usd,347.43,1601991185.426,347.25,3310.0,347.3,35960.0,27474269
Deribit,eth_usd,347.43,1601991185.434,347.25,2810.0,347.3,35960.0,27474269
Deribit,eth_usd,347.43,1601991185.445,347.25,2810.0,347.3,36020.0,27474269
Deribit,btc_usd,10717.93,1601991185.575,10719.0,247680.0,10719.5,52510.0,94433210
Deribit,btc_usd,10717.93,1601991185.602,10719.0,247680.0,10719.5,52470.0,94433210
Deribit,eth_usd,347.43,1601991185.626,347.25,2010.0,347.3,36020.0,27474269
Deribit,btc_usd,10718.33,1601991185.814,10719.0,237680.0,10719.5,52470.0,94433210
Deribit,eth_usd,347.43,1601991185.839,347.25,2000.0,347.3,36020.0,27474269
Deribit,btc_usd,10718.33,1601991185.875,10719.0,209880.0,10719.5,52470.0,94433210
Deribit,btc_usd,10718.33,1601991185.909,10719.0,206680.0,10719.5,52470.0,94433210
Deribit,btc_usd,10718.33,1601991185.911,10719.0,200280.0,10719.5,52470.0,94433210
Deribit,btc_usd,10718.33,1601991185.912,10719.0,197080.0,10719.5,52470.0,94433210
Deribit,btc_usd,10718.33,1601991185.914,10719.0,193880.0,10719.5,52470.0,94433210
Deribit,btc_usd,10718.33,1601991185.995,10719.0,193730.0,10719.5,52470.0,94433210
Deribit,eth_usd,347.47,1601991186.191,347.25,2000.0,347.3,36820.0,27474269
Deribit,btc_usd,10718.33,1601991186.196,10719.0,147330.0,10719.5,52470.0,94433210
Deribit,btc_usd,10718.33,1601991186.233,10719.0,93730.0,10719.5,52470.0,94433210
Deribit,btc_usd,10718.33,1601991186.392,10719.0,93730.0,10719.5,52570.0,94433210
Deribit,btc_usd,10718.33,1601991186.475,10719.0,48730.0,10719.5,52570.0,94433210
Deribit,eth_usd,347.47,1601991186.503,347.25,2000.0,347.3,36830.0,27474269
Deribit,eth_usd,347.47,1601991186.506,347.2,2944.0,347.3,36830.0,27474269
Deribit,eth_usd,347.47,1601991186.509,347.2,2944.0,347.25,6200.0,27474269
Deribit,btc_usd,10718.33,1601991186.557,10719.0,48730.0,10719.5,50070.0,94435710
Deribit,btc_usd,10718.33,1601991186.661,10719.0,48730.0,10719.5,50470.0,94435710
Deribit,btc_usd,10717.83,1601991186.704,10719.0,48730.0,10719.5,50470.0,94435710
Deribit,btc_usd,10717.83,1601991186.811,10719.0,48730.0,10719.5,50070.0,94435710
Deribit,btc_usd,10717.83,1601991186.95,10719.0,49690.0,10719.5,50070.0,94435710
Deribit,btc_usd,10717.83,1601991186.952,10719.0,50650.0,10719.5,50070.0,94435710
Deribit,btc_usd,10717.83,1601991187.693,10719.0,49690.0,10719.5,50070.0,94435710
Deribit,btc_usd,10718.52,1601991187.711,10719.0,49690.0,10719.5,50070.0,94435710
Deribit,btc_usd,10718.52,1601991187.722,10719.0,48730.0,10719.5,50070.0,94435710
Deribit,eth_usd,347.46,1601991187.79,347.2,2944.0,347.25,6260.0,27474269
Deribit,eth_usd,347.46,1601991188.104,347.2,12944.0,347.25,6260.0,27474269
Deribit,eth_usd,347.46,1601991188.242,347.2,22944.0,347.25,6260.0,27474269
Deribit,eth_usd,347.46,1601991188.426,347.2,32944.0,347.25,6260.0,27474269
Deribit,eth_usd,347.46,1601991188.431,347.2,32944.0,347.25,60.0,27474269
Deribit,btc_usd,10718.52,1601991188.461,10719.0,48740.0,10719.5,50070.0,94435710
Deribit,eth_usd,347.47,1601991189.134,347.2,32944.0,347.25,5660.0,27474269
Deribit,eth_usd,347.47,1601991190.122,347.2,32944.0,347.25,8460.0,27474269
Deribit,eth_usd,347.47,1601991190.349,347.2,34944.0,347.25,8460.0,27474269
Deribit,eth_usd,347.47,1601991190.356,347.2,34944.0,347.25,5660.0,27474269
Deribit,btc_usd,10718.55,1601991190.6,10719.0,102330.0,10719.5,50070.0,94435710
Deribit,btc_usd,10718.55,1601991190.602,10719.0,105530.0,10719.5,50070.0,94435710
Deribit,btc_usd,10718.55,1601991190.603,10719.0,108730.0,10719.5,50070.0,94435710
Deribit,btc_usd,10718.55,1601991190.603,10719.0,111930.0,10719.5,50070.0,94435710
Deribit,btc_usd,10718.55,1601991190.604,10719.0,118330.0,10719.5,50070.0,94435710
Deribit,eth_usd,347.47,1601991190.637,347.2,34944.0,347.25,60.0,27474269
Deribit,btc_usd,10718.55,1601991190.641,10719.0,119290.0,10719.5,50070.0,94435710
Deribit,btc_usd,10718.55,1601991190.647,10719.0,120250.0,10719.5,50070.0,94435710
Deribit,btc_usd,10718.55,1601991190.652,10719.0,120240.0,10719.5,50070.0,94435710
Deribit,btc_usd,10718.55,1601991190.676,10719.0,119280.0,10719.5,50070.0,94435710
Deribit,btc_usd,10718.55,1601991190.677,10719.0,118320.0,10719.5,50070.0,94435710
Deribit,eth_usd,347.47,1601991190.946,347.2,34944.0,347.3,40212.0,27474269
Deribit,eth_usd,347.47,1601991190.967,347.2,34944.0,347.3,40272.0,27474269
Deribit,eth_usd,347.51,1601991191.188,347.2,34954.0,347.3,40272.0,27474269
Deribit,eth_usd,347.51,1601991191.445,347.2,34944.0,347.3,40272.0,27474269
Deribit,eth_usd,347.51,1601991191.449,347.2,34944.0,347.3,40282.0,27474269
Deribit,eth_usd,347.51,1601991191.475,347.2,34944.0,347.25,30.0,27474269
Deribit,eth_usd,347.51,1601991191.476,347.2,34944.0,347.25,10330.0,27474269
Deribit,eth_usd,347.51,1601991191.478,347.2,34944.0,347.25,11130.0,27474269
Deribit,eth_usd,347.51,1601991191.483,347.2,34944.0,347.25,11140.0,27474269
Deribit,eth_usd,347.51,1601991191.87,347.2,34944.0,347.25,12090.0,27474269
Deribit,btc_usd,10718.57,1601991192.309,10719.0,138320.0,10719.5,50070.0,94435710
Deribit,eth_usd,347.5,1601991192.452,347.2,34944.0,347.25,11140.0,27474269
Deribit,eth_usd,347.5,1601991192.457,347.2,34944.0,347.25,11130.0,27474279
Deribit,eth_usd,347.5,1601991192.562,347.2,35024.0,347.25,11130.0,27474279
Deribit,btc_usd,10718.57,1601991192.576,10719.0,139280.0,10719.5,50070.0,94435710
Deribit,btc_usd,10718.57,1601991192.585,10719.0,140240.0,10719.5,50070.0,94435710
Deribit,btc_usd,10718.57,1601991192.609,10719.0,139280.0,10719.5,50070.0,94435710
Deribit,btc_usd,10718.57,1601991192.612,10719.0,138320.0,10719.5,50070.0,94435710
Deribit,eth_usd,347.5,1601991192.968,347.2,35024.0,347.25,11190.0,27474279
Deribit,eth_usd,347.5,1601991193.052,347.2,35024.0,347.25,12690.0,27474279
Deribit,btc_usd,10718.57,1601991193.075,10719.0,84730.0,10719.5,50070.0,94435710
Deribit,btc_usd,10718.57,1601991193.078,10719.0,81530.0,10719.5,50070.0,94435710
Deribit,btc_usd,10718.57,1601991193.079,10719.0,78330.0,10719.5,50070.0,94435710
Deribit,btc_usd,10718.57,1601991193.08,10719.0,75130.0,10719.5,50070.0,94435710
Deribit,btc_usd,10718.57,1601991193.08,10719.0,68730.0,10719.5,50070.0,94435710
Deribit,eth_usd,347.5,1601991193.089,347.2,35024.0,347.25,14390.0,27474279
Deribit,eth_usd,347.5,1601991193.206,347.2,35024.0,347.25,12690.0,27474279
Deribit,btc_usd,10718.57,1601991193.58,10719.0,48730.0,10719.5,50070.0,94435710
Deribit,btc_usd,10718.57,1601991193.583,10719.0,48730.0,10719.5,63870.0,94435710
Deribit,eth_usd,347.5,1601991193.629,347.2,35024.0,347.25,12680.0,27474279
Deribit,eth_usd,347.5,1601991193.676,347.2,35024.0,347.25,11180.0,27474279
Deribit,btc_usd,10718.57,1601991193.718,10719.0,49690.0,10719.5,63870.0,94435710
Deribit,btc_usd,10718.57,1601991193.729,10719.0,47190.0,10719.5,63870.0,94435710
Deribit,btc_usd,10718.57,1601991193.734,10719.0,48150.0,10719.5,63870.0,94435710
Deribit,eth_usd,347.5,1601991193.77,347.2,35024.0,347.25,12680.0,27474279
Deribit,btc_usd,10718.3,1601991193.813,10719.0,46350.0,10719.5,63870.0,94435710
Deribit,btc_usd,10718.3,1601991193.815,10719.0,45390.0,10719.5,63870.0,94435710
Deribit,btc_usd,10718.3,1601991193.816,10719.0,44430.0,10719.5,63870.0,94435710
Deribit,btc_usd,10718.3,1601991193.977,10719.0,44430.0,10719.5,50070.0,94435710
Deribit,btc_usd,10718.3,1601991194.055,10719.0,4200.0,10719.5,50070.0,94435710
Deribit,btc_usd,10718.3,1601991194.063,10719.0,4100.0,10719.5,50070.0,94435710
Deribit,eth_usd,347.48,1601991194.31,347.2,35024.0,347.25,13630.0,27474279
Deribit,eth_usd,347.48,1601991194.355,347.2,35034.0,347.25,13630.0,27474279
Deribit,eth_usd,347.48,1601991194.506,347.2,35034.0,347.25,12130.0,27474279
Deribit,btc_usd,10718.3,1601991194.572,10719.0,4100.0,10719.5,60970.0,94435710
Deribit,eth_usd,347.48,1601991194.781,347.2,35034.0,347.25,11180.0,27474279
Deribit,btc_usd,10718.1,1601991194.8,10719.0,4100.0,10719.5,50070.0,94435710
Deribit,eth_usd,347.47,1601991195.062,347.2,35034.0,347.25,11190.0,27474279
Deribit,btc_usd,10718.1,1601991195.561,10719.0,13000.0,10719.5,50070.0,94435710
Deribit,btc_usd,10718.1,1601991195.577,10719.0,4100.0,10719.5,50070.0,94435710
Deribit,eth_usd,347.47,1601991196.056,347.2,35034.0,347.25,12590.0,27474279
Deribit,eth_usd,347.47,1601991196.06,347.2,35034.0,347.25,11190.0,27474279
Deribit,eth_usd,347.47,1601991196.289,347.2,35034.0,347.25,12190.0,27474279
Deribit,eth_usd,347.47,1601991196.431,347.2,35034.0,347.25,11140.0,27474279
Deribit,btc_usd,10718.16,1601991196.55,10719.0,4100.0,10719.5,56970.0,94435710
Deribit,btc_usd,10718.16,1601991196.585,10719.0,4100.0,10719.5,50070.0,94435710
Deribit,btc_usd,10718.16,1601991196.869,10719.0,24100.0,10719.5,50070.0,94435710
Deribit,eth_usd,347.47,1601991197.241,347.2,35034.0,347.25,12640.0,27474279
Deribit,btc_usd,10718.16,1601991197.539,10719.0,24100.0,10719.5,59570.0,94435710
Deribit,btc_usd,10718.16,1601991197.579,10719.0,24100.0,10719.5,50070.0,94435710
Deribit,eth_usd,347.47,1601991197.653,347.2,35004.0,347.25,12640.0,27474279
Deribit,eth_usd,347.47,1601991198.097,347.2,34994.0,347.25,12640.0,27474279
Deribit,eth_usd,347.47,1601991198.303,347.2,34994.0,347.25,11140.0,27474279
Deribit,eth_usd,347.47,1601991198.514,347.2,34994.0,347.25,12640.0,27474279
Deribit,btc_usd,10718.27,1601991198.528,10719.0,32200.0,10719.5,50070.0,94435710
Deribit,btc_usd,10718.27,1601991198.565,10719.0,24100.0,10719.5,50070.0,94435710
Deribit,eth_usd,347.47,1601991198.572,347.2,34994.0,347.25,11140.0,27474279
Deribit,eth_usd,347.47,1601991198.658,347.2,34994.0,347.25,12640.0,27474279
Deribit,eth_usd,347.47,1601991198.685,347.2,34994.0,347.25,11140.0,27474279
Deribit,eth_usd,347.47,1601991198.834,347.2,34994.0,347.25,12640.0,27474279
Deribit,eth_usd,347.47,1601991198.969,347.2,34994.0,347.25,11840.0,27474279
Deribit,btc_usd,10718.52,1601991199.516,10719.0,28300.0,10719.5,50070.0,94435710
Deribit,btc_usd,10718.52,1601991199.552,10719.0,24100.0,10719.5,50070.0,94435710
Deribit,btc_usd,10718.4,1601991200.505,10719.0,30800.0,10719.5,50070.0,94435710
Deribit,btc_usd,10718.4,1601991200.589,10719.0,24100.0,10719.5,50070.0,94435710
Deribit,eth_usd,347.47,1601991200.997,347.2,34994.0,347.25,10340.0,27474279
Deribit,eth_usd,347.46,1601991201.093,347.2,34994.0,347.25,1070.0,27474279
Deribit,eth_usd,347.46,1601991201.162,347.2,34994.0,347.25,1010.0,27474279
Deribit,btc_usd,10718.4,1601991201.494,10719.0,43700.0,10719.5,50070.0,94435710
Deribit,eth_usd,347.46,1601991201.988,347.2,34994.0,347.25,3010.0,27474279
Deribit,btc_usd,10718.47,1601991202.389,10719.0,43700.0,10719.5,50110.0,94435710
Deribit,eth_usd,347.47,1601991202.555,347.2,43574.0,347.25,3010.0,27474279
Deribit,btc_usd,10718.47,1601991202.686,10719.0,24100.0,10719.5,50110.0,94435710
Deribit,eth_usd,347.47,1601991202.977,347.2,43574.0,347.25,4110.0,27474279
Deribit,btc_usd,10718.47,1601991203.472,10719.0,37900.0,10719.5,50110.0,94435710
Deribit,eth_usd,347.48,1601991203.842,347.2,43574.0,347.25,4120.0,27474279
Deribit,btc_usd,10718.47,1601991204.334,10719.0,24100.0,10719.5,50110.0,94435710
Deribit,btc_usd,10718.47,1601991204.461,10719.0,34700.0,10719.5,50110.0,94435710
Deribit,btc_usd,10718.47,1601991204.799,10719.0,24100.0,10719.5,50110.0,94435710
Deribit,eth_usd,347.48,1601991204.955,347.2,43574.0,347.25,5820.0,27474279
Deribit,eth_usd,347.48,1601991205.063,347.2,43574.0,347.25,4120.0,27474279
Deribit,eth_usd,347.48,1601991205.075,347.2,43574.0,347.25,3020.0,27474279
Deribit,btc_usd,10718.47,1601991205.45,10719.0,40400.0,10719.5,50110.0,94435710
Deribit,eth_usd,347.48,1601991205.787,347.2,43574.0,347.25,2020.0,27474279
Deribit,btc_usd,10718.45,1601991205.845,10719.0,24100.0,10719.5,50110.0,94435710
Deribit,eth_usd,347.48,1601991205.944,347.2,43574.0,347.25,6020.0,27474279
Deribit,btc_usd,10718.45,1601991206.438,10719.0,35200.0,10719.5,50110.0,94435710
Deribit,btc_usd,10718.45,1601991206.502,10719.0,24100.0,10719.5,50110.0,94435710
Deribit,eth_usd,347.48,1601991206.933,347.2,43574.0,347.25,9420.0,27474279
Deribit,eth_usd,347.48,1601991207.152,347.2,43174.0,347.25,9420.0,27474279
Deribit,eth_usd,347.48,1601991207.154,347.2,41974.0,347.25,9420.0,27474279
Deribit,eth_usd,347.48,1601991207.155,347.2,40074.0,347.25,9420.0,27475335
Deribit,eth_usd,347.48,1601991207.157,347.2,38774.0,347.25,9420.0,27476635
Deribit,eth_usd,347.48,1601991207.158,347.2,38674.0,347.25,9420.0,27476735
Deribit,eth_usd,347.48,1601991207.159,347.2,37121.0,347.25,9420.0,27478288
Deribit,eth_usd,347.48,1601991207.161,347.2,37121.0,347.25,9480.0,27478288
Deribit,eth_usd,347.48,1601991207.161,347.2,30788.0,347.25,9480.0,27484621
Deribit,eth_usd,347.48,1601991207.162,347.2,28188.0,347.25,9480.0,27487221
Deribit,eth_usd,347.48,1601991207.163,347.2,27188.0,347.25,9480.0,27488221
Deribit,eth_usd,347.48,1601991207.164,347.2,25301.0,347.25,9480.0,27490108
Deribit,eth_usd,347.48,1601991207.165,347.2,18968.0,347.25,9480.0,27496441
Deribit,eth_usd,347.48,1601991207.165,347.2,18768.0,347.25,9480.0,27496641
Deribit,eth_usd,347.48,1601991207.167,347.2,18768.0,347.25,9490.0,27496641
Deribit,eth_usd,347.48,1601991207.167,347.2,17168.0,347.25,9490.0,27498241
Deribit,eth_usd,347.48,1601991207.169,347.2,10835.0,347.25,9490.0,27504574
Deribit,eth_usd,347.48,1601991207.17,347.2,10335.0,347.25,9490.0,27504779
Deribit,eth_usd,347.48,1601991207.171,347.2,4002.0,347.25,9490.0,27504829
Deribit,eth_usd,347.48,1601991207.172,347.2,3402.0,347.25,9490.0,27504829
Deribit,eth_usd,347.48,1601991207.174,347.2,2602.0,347.25,9490.0,27504829
Deribit,eth_usd,347.48,1601991207.175,347.15,6333.0,347.25,9490.0,27504829
Deribit,eth_usd,347.48,1601991207.176,347.15,6333.0,347.2,100.0,27504829
Deribit,eth_usd,347.48,1601991207.177,347.15,6333.0,347.2,14100.0,27504829
Deribit,eth_usd,347.48,1601991207.178,347.15,6333.0,347.2,66498.0,27504829
Deribit,btc_usd,10718.45,1601991207.178,10719.0,4100.0,10719.5,50110.0,94435710
Deribit,eth_usd,347.48,1601991207.179,347.15,6333.0,347.2,66698.0,27504829
Deribit,eth_usd,347.48,1601991207.18,347.15,6333.0,347.2,67351.0,27504829
Deribit,eth_usd,347.48,1601991207.18,347.15,6333.0,347.2,67851.0,27504829
Deribit,eth_usd,347.48,1601991207.182,347.15,6333.0,347.2,70451.0,27504829
Deribit,eth_usd,347.48,1601991207.185,347.15,6333.0,347.2,70551.0,27504829
Deribit,eth_usd,347.48,1601991207.192,347.15,6833.0,347.2,70551.0,27504829
Deribit,eth_usd,347.48,1601991207.193,347.15,6833.0,347.2,70351.0,27504829
Deribit,eth_usd,347.48,1601991207.194,347.15,6433.0,347.2,70351.0,27504829
Deribit,eth_usd,347.48,1601991207.195,347.15,3733.0,347.2,70351.0,27504829
Deribit,eth_usd,347.48,1601991207.196,347.1,17022.0,347.2,70351.0,27506329
Deribit,eth_usd,347.48,1601991207.197,347.1,17022.0,347.15,2300.0,27506329
Deribit,eth_usd,347.48,1601991207.198,347.1,17022.0,347.15,3233.0,27506329
Deribit,eth_usd,347.48,1601991207.2,347.1,17522.0,347.15,3233.0,27506329
Deribit,eth_usd,347.48,1601991207.201,347.1,17522.0,347.15,3433.0,27506329
Deribit,btc_usd,10718.45,1601991207.201,10719.0,4100.0,10719.5,52610.0,94435710
Deribit,eth_usd,347.48,1601991207.203,347.1,17522.0,347.15,3733.0,27506329
Deribit,eth_usd,347.48,1601991207.204,347.1,17522.0,347.15,9833.0,27506329
Deribit,eth_usd,347.48,1601991207.205,347.1,16722.0,347.15,9833.0,27506329
Deribit,eth_usd,347.48,1601991207.205,347.1,6722.0,347.15,9833.0,27506329
Deribit,btc_usd,10718.45,1601991207.205,10719.0,1800.0,10719.5,52610.0,94435710
Deribit,btc_usd,10718.45,1601991207.211,10719.0,1800.0,10719.5,54410.0,94435710
Deribit,btc_usd,10718.45,1601991207.222,10719.0,1800.0,10719.5,81720.0,94435710
Deribit,btc_usd,10718.45,1601991207.264,10719.0,1800.0,10719.5,81730.0,94435710
Deribit,btc_usd,10718.45,1601991207.277,10719.0,1800.0,10719.5,101730.0,94435710
Deribit,btc_usd,10718.45,1601991207.282,10719.0,1800.0,10719.5,104930.0,94435710
Deribit,btc_usd,10718.45,1601991207.283,10719.0,1800.0,10719.5,108130.0,94435710
Deribit,btc_usd,10718.45,1601991207.283,10719.0,1800.0,10719.5,111330.0,94435710
Deribit,btc_usd,10718.45,1601991207.284,10719.0,1800.0,10719.5,117730.0,94435710
Deribit,btc_usd,10718.45,1601991207.29,10719.0,1800.0,10719.5,90420.0,94435710
Deribit,btc_usd,10718.45,1601991207.298,10719.0,1800.0,10719.5,84020.0,94435710
Deribit,btc_usd,10718.45,1601991207.298,10719.0,1800.0,10719.5,80820.0,94435710
Deribit,btc_usd,10718.45,1601991207.299,10719.0,1800.0,10719.5,77620.0,94435710
Deribit,btc_usd,10718.45,1601991207.3,10719.0,1800.0,10719.5,74420.0,94435710
Deribit,eth_usd,347.48,1601991207.305,347.1,6722.0,347.15,10833.0,27506329
Deribit,btc_usd,10718.45,1601991207.309,10719.0,1800.0,10719.5,54420.0,94435710
Deribit,btc_usd,10718.45,1601991207.427,10719.0,1800.0,10719.5,169620.0,94435710
Deribit,btc_usd,10718.45,1601991207.43,10719.0,1800.0,10719.5,172820.0,94435710
Deribit,btc_usd,10718.45,1601991207.43,10719.0,1800.0,10719.5,176020.0,94435710
Deribit,btc_usd,10718.45,1601991207.431,10719.0,1800.0,10719.5,182420.0,94435710
Deribit,btc_usd,10718.45,1601991207.431,10719.0,1800.0,10719.5,185620.0,94435710
Deribit,btc_usd,10718.45,1601991207.435,10719.0,1800.0,10719.5,205620.0,94435710
Deribit,btc_usd,10718.45,1601991207.444,10719.0,1800.0,10719.5,208120.0,94435710
Deribit,eth_usd,347.48,1601991207.45,347.1,6722.0,347.15,11633.0,27506329
Deribit,btc_usd,10718.45,1601991207.604,10719.0,1800.0,10719.5,325060.0,94435710
Deribit,btc_usd,10717.59,1601991207.851,10719.0,1800.0,10719.5,325060.0,94435710
Deribit,btc_usd,10717.59,1601991207.887,10719.0,1800.0,10719.5,335060.0,94435710
Deribit,eth_usd,347.48,1601991207.922,347.1,6722.0,347.15,13633.0,27506329
Deribit,btc_usd,10717.59,1601991207.934,10718.5,280.0,10719.5,335060.0,94435580
Deribit,btc_usd,10717.59,1601991207.937,10718.5,280.0,10719.0,3200.0,94435580
Deribit,btc_usd,10717.59,1601991207.938,10718.5,280.0,10719.0,6400.0,94435580
Deribit,btc_usd,10717.59,1601991207.938,10718.5,280.0,10719.0,12800.0,94435580
Deribit,btc_usd,10717.59,1601991207.939,10718.5,280.0,10719.0,16000.0,94435580
Deribit,btc_usd,10717.59,1601991207.939,10718.5,280.0,10719.0,18670.0,94435580
Deribit,btc_usd,10717.59,1601991207.94,10718.5,280.0,10719.0,21170.0,94435580
Deribit,btc_usd,10717.59,1601991207.941,10718.5,280.0,10719.0,23670.0,94435580
Deribit,btc_usd,10717.59,1601991207.941,10718.5,280.0,10719.0,25970.0,94435580
Deribit,btc_usd,10717.59,1601991207.942,10718.5,280.0,10719.0,26640.0,94435580
Deribit,btc_usd,10717.59,1601991207.942,10718.5,280.0,10719.0,205640.0,94435580
Deribit,eth_usd,347.48,1601991207.946,347.1,6722.0,347.15,13643.0,27506329
Deribit,btc_usd,10717.59,1601991207.946,10718.5,280.0,10719.0,206070.0,94435580
Deribit,btc_usd,10717.59,1601991207.948,10718.5,280.0,10719.0,207870.0,94435580
Deribit,btc_usd,10717.59,1601991207.951,10718.5,280.0,10719.0,210370.0,94435580
Deribit,btc_usd,10717.59,1601991207.952,10718.5,280.0,10719.0,212870.0,94435580
Deribit,btc_usd,10717.59,1601991207.953,10718.5,280.0,10719.0,219270.0,94435580
Deribit,btc_usd,10717.59,1601991207.953,10718.5,280.0,10719.0,222470.0,94435580
Deribit,btc_usd,10717.59,1601991207.954,10718.5,280.0,10719.0,225670.0,94435580
Deribit,btc_usd,10717.59,1601991207.955,10718.5,280.0,10719.0,228870.0,94435580
Deribit,btc_usd,10717.59,1601991207.955,10718.5,280.0,10719.0,248870.0,94435580
Deribit,btc_usd,10717.59,1601991207.957,10718.5,280.0,10719.0,248880.0,94435580
Deribit,btc_usd,10717.59,1601991207.958,10718.5,280.0,10719.0,255280.0,94435580
Deribit,btc_usd,10717.59,1601991207.959,10718.5,280.0,10719.0,258480.0,94435580
Deribit,btc_usd,10717.59,1601991207.959,10718.5,280.0,10719.0,261680.0,94435580
Deribit,btc_usd,10717.59,1601991207.961,10718.5,280.0,10719.0,264880.0,94435580
Deribit,btc_usd,10717.59,1601991207.962,10718.5,280.0,10719.0,265080.0,94435580
Deribit,btc_usd,10717.59,1601991207.964,10718.5,280.0,10719.0,271480.0,94435580
Deribit,btc_usd,10717.59,1601991207.964,10718.5,280.0,10719.0,274680.0,94435580
Deribit,btc_usd,10717.59,1601991207.965,10718.5,280.0,10719.0,271480.0,94435580
Deribit,btc_usd,10717.59,1601991207.968,10718.5,280.0,10719.0,274680.0,94435580
Deribit,btc_usd,10717.59,1601991207.97,10718.5,280.0,10719.0,268280.0,94435580
Deribit,btc_usd,10717.59,1601991207.971,10718.5,280.0,10719.0,265080.0,94435580
Deribit,btc_usd,10717.59,1601991207.972,10718.5,280.0,10719.0,261880.0,94435580
Deribit,btc_usd,10717.59,1601991207.972,10718.5,280.0,10719.0,258680.0,94435580
Deribit,btc_usd,10717.59,1601991207.973,10718.5,280.0,10719.0,252280.0,94435580
Deribit,btc_usd,10717.59,1601991207.973,10718.5,280.0,10719.0,249080.0,94435580
Deribit,btc_usd,10717.59,1601991207.974,10718.5,280.0,10719.0,245880.0,94435580
Deribit,btc_usd,10717.59,1601991207.975,10718.5,280.0,10719.0,239480.0,94435580
Deribit,btc_usd,10717.59,1601991207.975,10718.5,280.0,10719.0,236280.0,94435580
Deribit,btc_usd,10717.59,1601991207.977,10718.5,280.0,10719.0,233080.0,94435580
Deribit,btc_usd,10717.59,1601991207.98,10718.5,280.0,10719.0,233090.0,94435580
Deribit,btc_usd,10717.59,1601991207.992,10718.5,280.0,10719.0,233100.0,94435580
Deribit,btc_usd,10717.59,1601991207.993,10718.5,280.0,10719.0,233090.0,94435580
Deribit,btc_usd,10717.59,1601991208.001,10718.5,280.0,10719.0,234090.0,94435580
Deribit,eth_usd,347.48,1601991208.022,347.1,6722.0,347.15,11643.0,27506329
Deribit,btc_usd,10717.59,1601991208.077,10718.5,280.0,10719.0,239090.0,94435580
Deribit,eth_usd,347.39,1601991208.088,347.1,6722.0,347.15,11643.0,27506329
Deribit,eth_usd,347.39,1601991208.099,347.1,8867.0,347.15,11643.0,27506329
Deribit,eth_usd,347.39,1601991208.106,347.1,8367.0,347.15,11643.0,27506329
Deribit,eth_usd,347.39,1601991208.115,347.1,8867.0,347.15,11643.0,27506329
Deribit,eth_usd,347.39,1601991208.82,347.1,8867.0,347.15,5543.0,27506329
Deribit,eth_usd,347.39,1601991208.911,347.1,8867.0,347.15,6343.0,27506329
Deribit,eth_usd,347.39,1601991208.912,347.1,8867.0,347.15,5543.0,27506329
Deribit,eth_usd,347.39,1601991209.316,347.1,8867.0,347.15,5603.0,27506329
Deribit,eth_usd,347.39,1601991209.899,347.1,8867.0,347.15,7203.0,27506329
Deribit,eth_usd,347.41,1601991210.888,347.1,8867.0,347.15,8403.0,27506329
Deribit,eth_usd,347.4,1601991211.346,347.1,8867.0,347.15,7203.0,27506329
Deribit,eth_usd,347.4,1601991211.877,347.1,8867.0,347.15,8803.0,27506329
Deribit,eth_usd,347.4,1601991212.267,347.1,8867.0,347.15,7203.0,27506329
Deribit,eth_usd,347.4,1601991212.51,347.1,8867.0,347.15,5603.0,27506329
Deribit,btc_usd,10717.48,1601991212.697,10718.5,280.0,10719.0,249090.0,94435580
Deribit,eth_usd,347.4,1601991212.866,347.1,8867.0,347.15,6703.0,27506329
Deribit,eth_usd,347.4,1601991212.983,347.1,8867.0,347.15,6693.0,27506329
Deribit,eth_usd,347.4,1601991213.089,347.1,8867.0,347.15,5593.0,27506329
Deribit,btc_usd,10717.31,1601991213.242,10718.5,280.0,10719.0,70090.0,94435580
Deribit,btc_usd,10717.31,1601991213.244,10718.5,280.0,10719.0,66890.0,94435580
Deribit,btc_usd,10717.31,1601991213.245,10718.5,280.0,10719.0,63690.0,94435580
Deribit,btc_usd,10717.31,1601991213.245,10718.5,280.0,10719.0,57290.0,94435580
Deribit,btc_usd,10717.31,1601991213.246,10718.5,280.0,10719.0,54090.0,94435580
Deribit,eth_usd,347.39,1601991213.317,347.1,8867.0,347.15,5393.0,27506329
Deribit,eth_usd,347.39,1601991213.319,347.1,8867.0,347.15,5093.0,27506329
Deribit,btc_usd,10717.31,1601991213.331,10718.5,280.0,10719.0,51590.0,94435580
Deribit,btc_usd,10717.31,1601991213.332,10718.5,280.0,10719.0,51160.0,94435580
Deribit,btc_usd,10717.31,1601991213.36,10718.5,280.0,10719.0,103660.0,94435580
Deribit,btc_usd,10717.31,1601991213.366,10718.5,280.0,10719.0,106860.0,94435580
Deribit,btc_usd,10717.31,1601991213.367,10718.5,280.0,10719.0,110060.0,94435580
Deribit,btc_usd,10717.31,1601991213.367,10718.5,280.0,10719.0,116460.0,94435580
Deribit,btc_usd,10717.31,1601991213.368,10718.5,280.0,10719.0,119660.0,94435580
Deribit,btc_usd,10717.31,1601991213.38,10718.5,280.0,10719.0,116460.0,94435580
Deribit,btc_usd,10717.31,1601991213.381,10718.5,280.0,10719.0,113260.0,94435580
Deribit,btc_usd,10717.31,1601991213.448,10718.5,280.0,10719.0,116460.0,94435580
Deribit,btc_usd,10717.31,1601991213.449,10718.5,280.0,10719.0,119660.0,94435580
Deribit,btc_usd,10717.31,1601991213.57,10718.5,280.0,10719.0,114660.0,94435580
Deribit,btc_usd,10717.42,1601991214.349,10718.5,280.0,10719.0,148860.0,94435580
Deribit,btc_usd,10717.42,1601991214.434,10718.5,280.0,10719.0,148960.0,94435580
Deribit,eth_usd,347.4,1601991214.542,347.1,8877.0,347.15,5093.0,27506329
Deribit,btc_usd,10717.38,1601991215.383,10718.5,280.0,10719.0,114760.0,94435580
Deribit,eth_usd,347.4,1601991215.833,347.1,8877.0,347.15,5693.0,27506329
Deribit,eth_usd,347.4,1601991216.034,347.1,8877.0,347.15,5093.0,27506329
Deribit,btc_usd,10717.38,1601991216.327,10718.5,280.0,10719.0,124160.0,94435580
Deribit,btc_usd,10717.38,1601991216.683,10718.5,280.0,10719.0,114760.0,94435580
Deribit,eth_usd,347.39,1601991216.811,347.1,8877.0,347.15,4160.0,27506329
Deribit,eth_usd,347.39,1601991216.837,347.1,8877.0,347.15,1860.0,27506329
Deribit,eth_usd,347.39,1601991216.968,347.1,8877.0,347.15,1060.0,27506329
Deribit,btc_usd,10717.38,1601991217.316,10718.5,280.0,10719.0,138260.0,94435580
Deribit,eth_usd,347.41,1601991217.81,347.1,8877.0,347.15,1560.0,27506329
Deribit,eth_usd,347.41,1601991217.819,347.1,8877.0,347.15,1060.0,27506329
Deribit,btc_usd,10717.38,1601991217.89,10718.5,39530.0,10719.0,138260.0,94435580
Deribit,btc_usd,10717.38,1601991217.892,10718.5,39530.0,10719.0,114760.0,94435580
Deribit,btc_usd,10717.38,1601991217.899,10718.5,39530.0,10719.0,94760.0,94435580
Deribit,btc_usd,10717.38,1601991217.903,10718.5,39530.0,10719.0,91560.0,94435580
Deribit,btc_usd,10717.38,1601991217.904,10718.5,39530.0,10719.0,88360.0,94435580
Deribit,btc_usd,10717.38,1601991217.904,10718.5,39530.0,10719.0,81960.0,94435580
Deribit,btc_usd,10717.38,1601991217.905,10718.5,39530.0,10719.0,78760.0,94435580
Deribit,btc_usd,10717.38,1601991218.0,10718.5,39530.0,10719.0,77760.0,94435580
Deribit,btc_usd,10717.38,1601991218.305,10718.5,39530.0,10719.0,99760.0,94435580
Deribit,eth_usd,347.41,1601991218.799,347.1,8877.0,347.15,3460.0,27506329
Deribit,btc_usd,10717.38,1601991218.845,10718.5,39530.0,10719.0,104760.0,94435580
Deribit,btc_usd,10717.38,1601991218.848,10718.5,39530.0,10719.0,107960.0,94435580
Deribit,btc_usd,10717.38,1601991218.848,10718.5,39530.0,10719.0,114360.0,94435580
Deribit,btc_usd,10717.38,1601991218.849,10718.5,39530.0,10719.0,117560.0,94435580
Deribit,btc_usd,10717.38,1601991218.85,10718.5,39530.0,10719.0,120760.0,94435580
Deribit,btc_usd,10717.31,1601991219.315,10718.5,39530.0,10719.0,120860.0,94435580
Deribit,btc_usd,10717.31,1601991219.333,10718.5,39530.0,10719.0,115860.0,94435580
Deribit,eth_usd,347.41,1601991219.409,347.1,8877.0,347.15,3480.0,27506329
Deribit,eth_usd,347.41,1601991219.613,347.1,8877.0,347.15,1080.0,27506329
Deribit,btc_usd,10717.31,1601991219.613,10718.5,39530.0,10719.0,93860.0,94435580
Deribit,btc_usd,10717.31,1601991219.616,10718.5,39530.0,10719.0,87460.0,94435580
Deribit,btc_usd,10717.31,1601991219.616,10718.5,39530.0,10719.0,84260.0,94435580
Deribit,btc_usd,10717.31,1601991219.617,10718.5,39530.0,10719.0,81060.0,94435580
Deribit,btc_usd,10717.31,1601991219.617,10718.5,39530.0,10719.0,77860.0,94435580
Deribit,eth_usd,347.41,1601991219.788,347.1,8877.0,347.15,1980.0,27506329
Deribit,btc_usd,10717.34,1601991220.041,10718.5,39530.0,10719.0,75190.0,94435580
Deribit,eth_usd,347.41,1601991220.131,347.1,8877.0,347.15,1080.0,27506329
Deribit,btc_usd,10717.34,1601991220.282,10718.5,39530.0,10719.0,89890.0,94435580
Deribit,btc_usd,10717.34,1601991220.344,10718.5,39530.0,10719.0,75190.0,94435580
Deribit,eth_usd,347.41,1601991220.777,347.1,8877.0,347.15,2380.0,27506329
Deribit,eth_usd,347.41,1601991220.956,347.1,8877.0,347.15,1080.0,27506329
Deribit,btc_usd,10717.34,1601991221.271,10718.5,39530.0,10719.0,94390.0,94435580
Deribit,eth_usd,347.41,1601991221.765,347.1,8877.0,347.15,3280.0,27506329
Deribit,eth_usd,347.41,1601991222.237,347.1,8877.0,347.15,1080.0,27506329
Deribit,btc_usd,10717.26,1601991222.237,10718.5,39530.0,10719.0,75190.0,94435580
Deribit,eth_usd,347.41,1601991222.754,347.1,8877.0,347.15,3480.0,27506329
Deribit,eth_usd,347.41,1601991222.814,347.1,8877.0,347.15,1080.0,27506329
Deribit,btc_usd,10717.26,1601991222.94,10718.5,39530.0,10719.0,55200.0,94433000
Deribit,btc_usd,10717.29,1601991222.965,10718.5,39730.0,10719.0,55200.0,94433000
Deribit,btc_usd,10717.29,1601991222.972,10718.5,39730.0,10719.0,52700.0,94433000
Deribit,btc_usd,10717.29,1601991223.249,10718.5,39730.0,10719.0,66600.0,94433000
Deribit,eth_usd,347.41,1601991223.743,347.1,8877.0,347.15,4380.0,27506329
Deribit,eth_usd,347.41,1601991224.093,347.1,8877.0,347.15,1080.0,27506329
Deribit,btc_usd,10717.42,1601991224.204,10718.5,39730.0,10719.0,52700.0,94433000
Deribit,eth_usd,347.41,1601991224.38,347.1,8877.0,347.15,35795.0,27506329
Deribit,eth_usd,347.41,1601991224.499,347.1,8877.0,347.15,36595.0,27506329
Deribit,btc_usd,10717.5,1601991225.003,10718.5,39750.0,10719.0,52700.0,94433000
Deribit,btc_usd,10717.5,1601991225.227,10718.5,39750.0,10719.0,76100.0,94433000
Deribit,btc_usd,10717.5,1601991225.355,10718.5,46750.0,10719.0,76100.0,94433000
Deribit,btc_usd,10717.5,1601991225.37,10718.5,7500.0,10719.0,76100.0,94433000
Deribit,btc_usd,10717.5,1601991225.379,10718.5,7500.0,10719.0,96100.0,94433000
Deribit,btc_usd,10717.28,1601991226.287,10718.5,7500.0,10719.0,72700.0,94433000
Deribit,eth_usd,347.4,1601991226.846,347.1,8877.0,347.15,1880.0,27506329
Deribit,btc_usd,10717.43,1601991227.204,10718.5,7500.0,10719.0,83600.0,94433000
Deribit,btc_usd,10717.43,1601991227.279,10718.5,7500.0,10719.0,72700.0,94433000
Deribit,eth_usd,347.41,1601991227.699,347.1,8877.0,347.15,4580.0,27506329
Deribit,btc_usd,10717.43,1601991227.945,10718.5,27490.0,10719.0,72700.0,94433000
Deribit,btc_usd,10717.36,1601991228.193,10718.5,27490.0,10719.0,96400.0,94433000
Deribit,btc_usd,10717.36,1601991228.474,10718.5,27490.0,10719.0,72700.0,94433000
Deribit,eth_usd,347.41,1601991228.688,347.1,8877.0,347.15,5580.0,27506329
Deribit,eth_usd,347.41,1601991228.753,347.1,8877.0,347.15,4780.0,27506329
Deribit,eth_usd,347.41,1601991229.018,347.1,8877.0,347.15,2080.0,27506329
Deribit,eth_usd,347.41,1601991229.019,347.1,8877.0,347.15,1080.0,27506329
Deribit,btc_usd,10717.42,1601991229.182,10718.5,27490.0,10719.0,105800.0,94433000
Deribit,btc_usd,10717.42,1601991229.184,10718.5,27490.0,10719.0,112200.0,94433000
Deribit,btc_usd,10717.42,1601991229.185,10718.5,27490.0,10719.0,115400.0,94433000
Deribit,btc_usd,10717.42,1601991229.185,10718.5,27490.0,10719.0,118600.0,94433000
Deribit,btc_usd,10717.42,1601991229.186,10718.5,27490.0,10719.0,121800.0,94433000
Deribit,eth_usd,347.41,1601991229.676,347.1,8877.0,347.15,3480.0,27506329
Deribit,btc_usd,10717.42,1601991229.939,10718.5,27490.0,10719.0,124200.0,94433000
Deribit,btc_usd,10717.31,1601991230.18,10718.5,27490.0,10719.0,126000.0,94433000
Deribit,eth_usd,347.41,1601991230.665,347.1,8877.0,347.15,4580.0,27506329
Deribit,eth_usd,347.41,1601991230.755,347.1,8877.0,347.15,3480.0,27506329
Deribit,eth_usd,347.41,1601991230.849,347.1,8877.0,347.15,1080.0,27506329
Deribit,btc_usd,10717.31,1601991231.0,10718.5,27490.0,10719.0,127000.0,94433000
Deribit,btc_usd,10717.3,1601991231.38,10718.5,27490.0,10719.0,93900.0,94433000
Deribit,btc_usd,10717.3,1601991231.383,10718.5,27490.0,10719.0,90700.0,94433000
Deribit,btc_usd,10717.3,1601991231.383,10718.5,27490.0,10719.0,84300.0,94433000
Deribit,btc_usd,10717.3,1601991231.384,10718.5,27490.0,10719.0,81100.0,94433000
Deribit,btc_usd,10717.3,1601991231.384,10718.5,27490.0,10719.0,77900.0,94433000
Deribit,eth_usd,347.4,1601991231.654,347.1,8877.0,347.15,1580.0,27506329
Deribit,eth_usd,347.4,1601991231.762,347.1,8877.0,347.15,1080.0,27506329
Deribit,btc_usd,10717.3,1601991232.0,10718.5,27490.0,10719.0,76900.0,94433000
Deribit,btc_usd,10717.21,1601991232.149,10718.5,27490.0,10719.0,96400.0,94433000
Deribit,btc_usd,10717.21,1601991232.474,10718.5,27490.0,10719.0,76400.0,94433000
Deribit,btc_usd,10717.37,1601991233.138,10718.5,27490.0,10719.0,87700.0,94433000
Deribit,btc_usd,10717.37,1601991233.205,10718.5,27490.0,10719.0,76400.0,94433000
Deribit,eth_usd,347.4,1601991233.632,347.1,8877.0,347.15,1880.0,27506329
Deribit,eth_usd,347.4,1601991233.646,347.1,8877.0,347.15,1080.0,27506329
Deribit,btc_usd,10717.27,1601991234.126,10718.5,27490.0,10719.0,86500.0,94433000
Deribit,eth_usd,347.4,1601991234.621,347.1,8877.0,347.15,1780.0,27506329
Deribit,btc_usd,10717.27,1601991234.771,10718.5,27490.0,10719.0,76400.0,94433000
Deribit,eth_usd,347.4,1601991234.775,347.1,8877.0,347.15,1080.0,27506329
Deribit,btc_usd,10717.33,1601991235.479,10718.5,27490.0,10719.0,56900.0,94433000
Deribit,btc_usd,10717.35,1601991236.104,10718.5,27490.0,10719.0,85600.0,94433000
Deribit,eth_usd,347.4,1601991236.599,347.1,8877.0,347.15,1880.0,27506329
Deribit,eth_usd,347.4,1601991237.587,347.1,8877.0,347.15,2580.0,27506329
Deribit,eth_usd,347.4,1601991237.665,347.1,8877.0,347.15,1880.0,27506329
Deribit,eth_usd,347.4,1601991237.768,347.1,8877.0,347.15,1080.0,27506329
Deribit,eth_usd,347.4,1601991238.014,347.1,8887.0,347.15,1080.0,27506329
Deribit,btc_usd,10717.33,1601991238.082,10718.5,27490.0,10719.0,102600.0,94433000
Deribit,btc_usd,10717.33,1601991238.084,10718.5,27490.0,10719.0,105800.0,94433000
Deribit,btc_usd,10717.33,1601991238.084,10718.5,27490.0,10719.0,109000.0,94433000
Deribit,btc_usd,10717.33,1601991238.085,10718.5,27490.0,10719.0,112200.0,94433000
Deribit,btc_usd,10717.33,1601991238.086,10718.5,27490.0,10719.0,118600.0,94433000
Deribit,btc_usd,10717.33,1601991238.236,10718.5,27490.0,10719.0,101600.0,94433000
Deribit,eth_usd,347.4,1601991238.576,347.1,8887.0,347.15,1780.0,27506329
Deribit,eth_usd,347.4,1601991238.943,347.1,8877.0,347.15,1780.0,27506329
Deribit,eth_usd,347.4,1601991239.517,347.1,8877.0,347.15,1080.0,27506329
Deribit,btc_usd,10717.34,1601991239.544,10718.5,27490.0,10719.0,72900.0,94433000
Deribit,btc_usd,10717.34,1601991239.546,10718.5,27490.0,10719.0,66500.0,94433000
Deribit,btc_usd,10717.34,1601991239.547,10718.5,27490.0,10719.0,63300.0,94433000
Deribit,btc_usd,10717.34,1601991239.548,10718.5,27490.0,10719.0,60100.0,94433000
Deribit,btc_usd,10717.34,1601991239.548,10718.5,27490.0,10719.0,56900.0,94433000
Deribit,eth_usd,347.4,1601991239.607,347.1,8877.0,347.15,35795.0,27506329
Deribit,eth_usd,347.4,1601991239.687,347.1,8877.0,347.15,1080.0,27506329
Deribit,eth_usd,347.4,1601991239.996,347.1,8877.0,347.15,1880.0,27506329
Deribit,btc_usd,10717.34,1601991240.059,10718.5,27490.0,10719.0,77300.0,94433000
Deribit,btc_usd,10717.41,1601991240.255,10718.5,27490.0,10719.0,56900.0,94433000
Deribit,eth_usd,347.4,1601991240.554,347.1,8877.0,347.15,3380.0,27506329
Deribit,btc_usd,10717.41,1601991241.048,10718.5,27490.0,10719.0,78800.0,94433000
Deribit,btc_usd,10717.5,1601991241.789,10718.5,27490.0,10719.0,56900.0,94433000
Deribit,eth_usd,347.4,1601991241.789,347.1,8877.0,347.15,1880.0,27506329
Deribit,btc_usd,10717.5,1601991242.037,10718.5,27490.0,10719.0,70700.0,94433000
Deribit,eth_usd,347.4,1601991242.252,347.1,8887.0,347.15,1880.0,27506329
Deribit,btc_usd,10717.52,1601991242.528,10718.5,27240.0,10719.0,70700.0,94433000
Deribit,eth_usd,347.4,1601991242.532,347.1,8887.0,347.15,3680.0,27506329
Deribit,btc_usd,10717.52,1601991242.56,10718.5,27240.0,10719.0,56900.0,94433000
Deribit,eth_usd,347.4,1601991242.733,347.1,8887.0,347.15,1880.0,27506329
Deribit,btc_usd,10717.52,1601991243.039,10718.5,27240.0,10719.0,55100.0,94433000
Deribit,btc_usd,10717.53,1601991243.263,10718.5,47240.0,10719.0,55100.0,94433000
Deribit,btc_usd,10717.53,1601991243.272,10718.5,47240.0,10719.0,52700.0,94433000
Deribit,btc_usd,10717.53,1601991243.274,10718.5,48840.0,10719.0,52700.0,94433000
Deribit,eth_usd,347.4,1601991243.52,347.1,8887.0,347.15,2480.0,27506329
Deribit,btc_usd,10717.53,1601991243.79,10718.5,82400.0,10719.0,52700.0,94433000
Deribit,eth_usd,347.4,1601991244.511,347.1,8887.0,347.15,9080.0,27506329
Deribit,eth_usd,347.4,1601991244.515,347.1,8877.0,347.15,9080.0,27506329
Deribit,eth_usd,347.4,1601991244.938,347.1,8877.0,347.15,2480.0,27506329
Deribit,btc_usd,10717.81,1601991245.004,10718.5,82400.0,10719.0,78100.0,94433000
Deribit,eth_usd,347.4,1601991245.017,347.1,8877.0,347.15,1880.0,27506329
Deribit,eth_usd,347.4,1601991245.068,347.1,8887.0,347.15,1880.0,27506329
Deribit,eth_usd,347.4,1601991245.069,347.1,8887.0,347.15,1080.0,27506329
Deribit,eth_usd,347.4,1601991245.241,347.1,90507.0,347.15,1080.0,27506329
Deribit,btc_usd,10717.6,1601991245.281,10718.5,82400.0,10719.0,78040.0,94433000
Deribit,eth_usd,347.42,1601991245.502,347.1,90507.0,347.15,2580.0,27506329
Deribit,eth_usd,347.42,1601991245.684,347.1,90507.0,347.15,37295.0,27506329
Deribit,eth_usd,347.42,1601991245.701,347.1,8887.0,347.15,37295.0,27506329
Deribit,eth_usd,347.42,1601991245.753,347.1,8387.0,347.15,37295.0,27506329
Deribit,btc_usd,10717.6,1601991245.822,10718.5,62400.0,10719.0,78040.0,94433000
Deribit,btc_usd,10717.6,1601991245.918,10718.5,62400.0,10719.0,78120.0,94433000
Deribit,btc_usd,10717.6,1601991245.979,10718.5,62400.0,10719.0,52720.0,94433000
Deribit,eth_usd,347.42,1601991246.127,347.1,8387.0,347.15,38095.0,27506329
Deribit,eth_usd,347.42,1601991246.251,347.1,775.0,347.15,38095.0,27506329
Deribit,eth_usd,347.42,1601991246.255,347.05,7611.0,347.15,38095.0,27506339
Deribit,eth_usd,347.42,1601991246.256,347.05,7611.0,347.1,653.0,27506339
Deribit,eth_usd,347.42,1601991246.257,347.05,7611.0,347.1,6253.0,27506339
Deribit,eth_usd,347.42,1601991246.259,347.05,7621.0,347.1,6253.0,27506339
Deribit,eth_usd,347.42,1601991246.285,347.05,7621.0,347.1,6313.0,27506339
Deribit,eth_usd,347.42,1601991246.3,347.05,7611.0,347.1,6313.0,27506339
Deribit,eth_usd,347.42,1601991246.333,347.05,7611.0,347.1,7313.0,27506339
Deribit,btc_usd,10717.43,1601991246.402,10718.5,28840.0,10719.0,52720.0,94433000
Deribit,eth_usd,347.39,1601991246.405,347.05,7611.0,347.1,7323.0,27506339
Deribit,eth_usd,347.39,1601991246.419,347.05,7611.0,347.1,7313.0,27506339
Deribit,btc_usd,10717.43,1601991246.981,10718.5,28840.0,10719.0,103720.0,94433000
Deribit,btc_usd,10717.43,1601991246.992,10718.5,28840.0,10719.0,110120.0,94433000
Deribit,btc_usd,10717.43,1601991246.993,10718.5,28840.0,10719.0,113320.0,94433000
Deribit,btc_usd,10717.43,1601991246.993,10718.5,28840.0,10719.0,116520.0,94433000
Deribit,btc_usd,10717.43,1601991246.994,10718.5,28840.0,10719.0,119720.0,94433000
Deribit,btc_usd,10717.33,1601991247.251,10718.5,28840.0,10719.0,121520.0,94433000
Deribit,eth_usd,347.39,1601991247.476,347.05,7611.0,347.1,9613.0,27506339
Deribit,btc_usd,10717.33,1601991247.48,10718.5,28840.0,10719.0,152690.0,94433000
Deribit,btc_usd,10717.33,1601991247.487,10718.5,28840.0,10719.0,155190.0,94433000
Deribit,btc_usd,10717.33,1601991247.495,10718.5,28840.0,10719.0,124020.0,94433000
Deribit,btc_usd,10717.33,1601991247.542,10718.5,28840.0,10719.0,144020.0,94433000
Deribit,btc_usd,10717.33,1601991247.568,10718.5,13660.0,10719.0,144020.0,94435050
Deribit,btc_usd,10717.33,1601991247.572,10718.5,13660.0,10719.0,150420.0,94435050
Deribit,btc_usd,10717.33,1601991247.572,10718.5,13660.0,10719.0,153620.0,94435050
Deribit,btc_usd,10717.33,1601991247.573,10718.5,13660.0,10719.0,156820.0,94435050
Deribit,btc_usd,10717.33,1601991247.574,10718.5,9810.0,10719.0,156820.0,94435050
Deribit,btc_usd,10717.33,1601991247.574,10718.5,9810.0,10719.0,160020.0,94435050
Deribit,btc_usd,10717.33,1601991247.577,10717.0,30100.0,10718.5,3850.0,94426840
Deribit,btc_usd,10717.33,1601991247.58,10717.0,30100.0,10717.5,120.0,94426840
Deribit,btc_usd,10717.33,1601991247.581,10717.0,30100.0,10717.5,2620.0,94426840
Deribit,btc_usd,10717.33,1601991247.583,10717.0,30100.0,10717.5,3070.0,94426840
Deribit,btc_usd,10717.33,1601991247.583,10717.0,30000.0,10717.5,3070.0,94426840
Deribit,eth_usd,347.39,1601991247.625,347.05,7611.0,347.1,10413.0,27506339
Deribit,btc_usd,10717.33,1601991247.626,10717.0,30000.0,10717.5,6270.0,94426840
Deribit,btc_usd,10717.33,1601991247.651,10717.0,30000.0,10717.5,8940.0,94426840
Deribit,btc_usd,10717.33,1601991247.652,10717.0,30000.0,10717.5,12140.0,94426840
Deribit,btc_usd,10717.33,1601991247.663,10717.0,30000.0,10717.5,14640.0,94426840
Deribit,btc_usd,10717.33,1601991247.666,10717.0,30000.0,10717.5,17840.0,94426840
Deribit,eth_usd,347.39,1601991247.699,347.05,3887.0,347.1,10413.0,27506339
Deribit,btc_usd,10717.33,1601991247.709,10717.0,30000.0,10717.5,24240.0,94426840
Deribit,eth_usd,347.39,1601991247.711,347.05,3687.0,347.1,10413.0,27506339
Deribit,eth_usd,347.39,1601991247.714,347.05,3687.0,347.1,88643.0,27506339
Deribit,eth_usd,347.39,1601991247.717,347.05,3387.0,347.1,88643.0,27506339
Deribit,eth_usd,347.39,1601991247.75,347.05,2887.0,347.1,88643.0,27506339
Deribit,eth_usd,347.39,1601991247.752,347.05,2087.0,347.1,88643.0,27506339
Deribit,eth_usd,347.39,1601991247.763,347.0,8500.0,347.05,1300.0,27504252
Deribit,eth_usd,347.39,1601991247.772,347.0,8500.0,347.05,3900.0,27504252
Deribit,eth_usd,347.39,1601991247.778,347.0,8500.0,347.05,5400.0,27504252
Deribit,btc_usd,10717.33,1601991247.778,10717.0,30000.0,10717.5,114540.0,94426840
Deribit,eth_usd,347.39,1601991247.78,347.0,8500.0,347.05,6500.0,27504252
Deribit,eth_usd,347.39,1601991247.784,347.0,8500.0,347.05,6700.0,27504252
Deribit,btc_usd,10717.33,1601991247.784,10715.5,100.0,10717.5,114540.0,94426840
Deribit,eth_usd,347.39,1601991247.787,347.0,8500.0,347.05,6800.0,27504252
Deribit,eth_usd,347.39,1601991247.789,347.0,8500.0,347.05,16300.0,27504252
Deribit,eth_usd,347.39,1601991247.792,347.0,8500.0,347.05,17100.0,27504252
Deribit,btc_usd,10717.33,1601991247.798,10715.5,100.0,10717.5,116340.0,94426840
Deribit,btc_usd,10717.33,1601991247.8,10717.0,100.0,10717.5,116340.0,94426840
Deribit,eth_usd,347.39,1601991247.803,347.0,8500.0,347.05,69475.0,27504252
Deribit,eth_usd,347.39,1601991247.807,347.0,3815.0,347.05,69475.0,27504252
Deribit,btc_usd,10717.33,1601991247.811,10717.0,100.0,10717.5,113140.0,94426840
Deribit,eth_usd,347.39,1601991247.812,347.0,3815.0,347.05,72938.0,27504252
Deribit,btc_usd,10717.33,1601991247.817,10717.0,100.0,10717.5,113150.0,94426840
Deribit,eth_usd,347.39,1601991247.822,347.0,3815.0,347.05,77938.0,27504252
Deribit,btc_usd,10717.33,1601991247.822,10714.5,100990.0,10717.5,113150.0,94425240
Deribit,eth_usd,347.39,1601991247.825,347.0,124.0,347.05,77938.0,27504628
Deribit,btc_usd,10717.33,1601991247.825,10714.5,54750.0,10717.5,113150.0,94425240
Deribit,eth_usd,347.39,1601991247.827,347.0,124.0,347.05,72938.0,27504628
Deribit,btc_usd,10717.33,1601991247.827,10714.5,54750.0,10717.5,109950.0,94425240
Deribit,btc_usd,10717.33,1601991247.828,10714.5,54650.0,10717.5,109950.0,94425240
Deribit,eth_usd,347.39,1601991247.828,346.95,8889.0,347.0,276.0,27504752
Deribit,eth_usd,347.39,1601991247.83,346.95,8889.0,347.0,1976.0,27504752
Deribit,btc_usd,10717.33,1601991247.831,10714.5,54650.0,10717.5,103550.0,94425240
Deribit,eth_usd,347.39,1601991247.833,346.95,9389.0,347.0,1976.0,27504752
Deribit,eth_usd,347.39,1601991247.833,346.95,9389.0,347.0,2629.0,27504752
Deribit,btc_usd,10717.33,1601991247.833,10714.5,54650.0,10717.5,274960.0,94425240
Deribit,eth_usd,347.39,1601991247.835,346.95,9389.0,347.0,3729.0,27504752
Deribit,eth_usd,347.39,1601991247.837,346.95,9389.0,347.0,10829.0,27504752
Deribit,btc_usd,10717.33,1601991247.836,10714.5,54650.0,10717.5,276950.0,94425240
Deribit,btc_usd,10717.33,1601991247.838,10714.5,54650.0,10717.5,278700.0,94425240
Deribit,btc_usd,10717.33,1601991247.839,10714.5,54650.0,10717.5,278900.0,94425240
Deribit,btc_usd,10717.33,1601991247.841,10714.5,54650.0,10717.5,278910.0,94425240
Deribit,btc_usd,10717.33,1601991247.842,10714.5,54650.0,10717.5,298910.0,94425240
Deribit,btc_usd,10717.33,1601991247.844,10714.5,54650.0,10715.0,3200.0,94425240
Deribit,btc_usd,10717.33,1601991247.857,10714.5,54650.0,10715.0,6400.0,94425240
Deribit,btc_usd,10717.33,1601991247.863,10714.5,54650.0,10715.0,12800.0,94425240
Deribit,btc_usd,10717.33,1601991247.87,10714.5,54650.0,10715.0,16000.0,94425240
Deribit,btc_usd,10717.33,1601991247.874,10714.5,54650.0,10715.0,19200.0,94425240
Deribit,btc_usd,10717.33,1601991247.877,10714.5,54650.0,10715.0,22400.0,94425240
Deribit,btc_usd,10717.33,1601991247.881,10714.5,54650.0,10715.0,28800.0,94425240
Deribit,btc_usd,10717.33,1601991247.887,10714.5,54650.0,10715.0,25600.0,94425240
Deribit,btc_usd,10717.33,1601991247.888,10714.5,54650.0,10715.0,28800.0,94425240
Deribit,btc_usd,10717.33,1601991247.889,10714.5,54650.0,10715.0,32000.0,94425240
Deribit,btc_usd,10717.33,1601991247.89,10714.5,44850.0,10715.0,32000.0,94425240
Deribit,btc_usd,10717.33,1601991247.894,10714.5,44850.0,10715.0,38400.0,94425240
Deribit,btc_usd,10717.33,1601991247.898,10714.5,44850.0,10715.0,41600.0,94425240
Deribit,btc_usd,10717.33,1601991247.899,10714.5,44850.0,10715.0,38400.0,94425240
Deribit,btc_usd,10717.33,1601991247.902,10714.5,44850.0,10715.0,32000.0,94425240
Deribit,btc_usd,10717.33,1601991247.905,10714.5,44850.0,10715.0,147500.0,94425240
Deribit,btc_usd,10717.33,1601991247.905,10714.5,44850.0,10715.0,149300.0,94425240
Deribit,btc_usd,10717.33,1601991247.906,10714.5,44850.0,10715.0,146100.0,94425240
Deribit,eth_usd,347.39,1601991247.907,346.95,9389.0,347.0,10839.0,27504752
Deribit,btc_usd,10717.33,1601991247.907,10714.5,44850.0,10715.0,142900.0,94425240
Deribit,btc_usd,10717.33,1601991247.907,10714.5,44850.0,10715.0,139700.0,94425240
Deribit,btc_usd,10717.33,1601991247.908,10714.5,44850.0,10715.0,133300.0,94425240
Deribit,btc_usd,10717.33,1601991247.91,10714.5,44850.0,10715.0,130100.0,94425240
Deribit,btc_usd,10717.33,1601991247.911,10714.5,44850.0,10715.0,126900.0,94425240
Deribit,btc_usd,10717.33,1601991247.911,10714.5,44850.0,10715.0,130100.0,94425240
Deribit,eth_usd,347.39,1601991247.913,346.95,9389.0,347.0,11639.0,27504752
Deribit,btc_usd,10717.33,1601991247.915,10714.5,44850.0,10715.0,130300.0,94425240
Deribit,btc_usd,10717.33,1601991247.916,10714.5,44850.0,10715.0,123900.0,94425240
Deribit,btc_usd,10717.33,1601991247.917,10714.5,44850.0,10715.0,120700.0,94425240
Deribit,btc_usd,10717.33,1601991247.918,10714.5,44850.0,10715.0,123900.0,94425240
Deribit,btc_usd,10717.33,1601991247.921,10714.5,44850.0,10715.0,130300.0,94425240
Deribit,btc_usd,10717.33,1601991247.921,10714.5,44850.0,10715.0,133500.0,94425240
Deribit,btc_usd,10717.33,1601991247.94,10714.5,44850.0,10715.0,153500.0,94425240
Deribit,eth_usd,347.39,1601991247.965,346.95,9389.0,347.0,12639.0,27504752
Deribit,btc_usd,10717.33,1601991248.041,10714.5,34850.0,10715.0,153500.0,94425240
Deribit,btc_usd,10717.33,1601991248.054,10714.5,38060.0,10715.0,153500.0,94425240
Deribit,btc_usd,10717.33,1601991248.06,10714.5,38070.0,10715.0,153500.0,94425240
Deribit,btc_usd,10717.33,1601991248.061,10714.5,38060.0,10715.0,153500.0,94425240
Deribit,btc_usd,10717.33,1601991248.069,10714.5,40200.0,10715.0,153500.0,94425240
Deribit,btc_usd,10716.26,1601991248.131,10714.5,40200.0,10715.0,153500.0,94425240
Deribit,btc_usd,10716.26,1601991248.137,10714.5,76860.0,10715.0,153500.0,94425240
Deribit,eth_usd,347.39,1601991248.141,346.95,9389.0,347.0,18639.0,27504752
Deribit,btc_usd,10716.26,1601991248.165,10714.5,76860.0,10715.0,133500.0,94425240
Deribit,eth_usd,347.39,1601991248.196,346.95,9389.0,347.0,11539.0,27504752
Deribit,eth_usd,347.39,1601991248.313,346.95,9389.0,347.0,11599.0,27504752
Deribit,eth_usd,347.33,1601991248.368,346.95,9389.0,347.0,11599.0,27504752
Deribit,btc_usd,10716.26,1601991248.544,10714.5,130430.0,10715.0,133500.0,94425240
Deribit,btc_usd,10716.26,1601991248.678,10714.5,76860.0,10715.0,133500.0,94425240
Deribit,btc_usd,10716.26,1601991248.683,10714.5,76860.0,10715.0,136700.0,94425240
Deribit,btc_usd,10716.26,1601991248.688,10714.5,76860.0,10715.0,133500.0,94425240
Deribit,eth_usd,347.32,1601991250.307,346.95,9389.0,347.0,12599.0,27504752
Deribit,eth_usd,347.31,1601991250.641,346.95,9389.0,347.0,6599.0,27504752
Deribit,btc_usd,10716.24,1601991250.746,10714.5,76860.0,10715.0,18000.0,94425240
Deribit,eth_usd,347.31,1601991250.746,346.95,9389.0,347.0,5499.0,27504752
Deribit,btc_usd,10716.24,1601991250.748,10714.5,76860.0,10715.0,14800.0,94425240
Deribit,btc_usd,10716.24,1601991250.749,10714.5,76860.0,10715.0,11600.0,94425240
Deribit,btc_usd,10716.24,1601991250.75,10714.5,76860.0,10715.0,8400.0,94425240
Deribit,btc_usd,10716.24,1601991250.75,10714.5,76860.0,10715.0,2000.0,94425240
Deribit,btc_usd,10716.24,1601991250.909,10714.5,76820.0,10715.0,2000.0,94425240
Deribit,btc_usd,10716.24,1601991250.937,10714.5,76820.0,10715.0,36900.0,94425240
Deribit,eth_usd,347.32,1601991251.431,346.95,9389.0,347.0,5799.0,27504752
Deribit,btc_usd,10716.4,1601991251.926,10714.5,76820.0,10715.0,62700.0,94425240
Deribit,btc_usd,10716.4,1601991251.928,10714.5,76820.0,10715.0,69100.0,94425240
Deribit,btc_usd,10716.4,1601991251.929,10714.5,76820.0,10715.0,72300.0,94425240
Deribit,btc_usd,10716.4,1601991251.93,10714.5,76820.0,10715.0,75500.0,94425240
Deribit,btc_usd,10716.4,1601991251.931,10714.5,76820.0,10715.0,78700.0,94425240
Deribit,eth_usd,347.31,1601991252.41,346.95,9389.0,347.0,5499.0,27504752
Deribit,eth_usd,347.31,1601991252.41,346.95,9389.0,347.05,61829.0,27515149
Deribit,eth_usd,347.31,1601991252.415,346.95,9389.0,347.05,16375.0,27515149
Deribit,eth_usd,347.31,1601991252.416,347.0,2200.0,347.05,16375.0,27515149
Deribit,eth_usd,347.31,1601991252.417,347.0,9157.0,347.05,16375.0,27515149
Deribit,eth_usd,347.31,1601991252.418,347.0,9157.0,347.05,17175.0,27515149
Deribit,eth_usd,347.31,1601991252.42,347.0,9157.0,347.05,17265.0,27515149
Deribit,eth_usd,347.31,1601991252.423,347.0,6957.0,347.05,17265.0,27515149
Deribit,eth_usd,347.31,1601991252.424,347.0,6957.0,347.05,17275.0,27515149
Deribit,eth_usd,347.31,1601991252.43,347.0,7457.0,347.05,17275.0,27515149
Deribit,eth_usd,347.31,1601991252.439,347.0,7457.0,347.05,16275.0,27515149
Deribit,eth_usd,347.31,1601991252.444,347.0,7457.0,347.05,16335.0,27515149
Deribit,btc_usd,10716.46,1601991252.445,10714.5,40160.0,10715.0,78700.0,94425240
Deribit,btc_usd,10716.46,1601991252.447,10714.5,40160.0,10715.0,85100.0,94425240
Deribit,btc_usd,10716.46,1601991252.448,10714.5,40160.0,10715.0,88300.0,94425240
Deribit,btc_usd,10716.46,1601991252.448,10714.5,40160.0,10715.0,91500.0,94425240
Deribit,btc_usd,10716.46,1601991252.449,10714.5,40160.0,10715.0,94700.0,94425240
Deribit,btc_usd,10716.46,1601991252.454,10714.5,40160.0,10715.0,91500.0,94425240
Deribit,btc_usd,10716.46,1601991252.454,10714.5,40160.0,10715.0,88300.0,94425240
Deribit,btc_usd,10716.46,1601991252.455,10714.5,40160.0,10715.0,81900.0,94425240
Deribit,btc_usd,10716.46,1601991252.455,10714.5,40160.0,10715.0,78700.0,94425240
Deribit,eth_usd,347.31,1601991252.46,347.0,7457.0,347.05,15835.0,27515149
Deribit,eth_usd,347.31,1601991252.481,347.0,7457.0,347.05,15775.0,27515149
Deribit,btc_usd,10716.46,1601991252.572,10714.5,60150.0,10715.0,78700.0,94425240
Deribit,eth_usd,347.31,1601991252.615,347.0,7457.0,347.05,15765.0,27515149
Deribit,eth_usd,347.31,1601991252.627,347.0,7457.0,347.05,1.0,27499385
Deribit,eth_usd,347.31,1601991252.631,347.0,11557.0,347.05,1.0,27499385
Deribit,eth_usd,347.31,1601991252.632,347.0,7457.0,347.05,1.0,27499385
Deribit,eth_usd,347.31,1601991252.633,347.0,75567.0,347.05,1.0,27499385
Deribit,eth_usd,347.31,1601991252.634,347.0,75577.0,347.05,1.0,27499385
Deribit,eth_usd,347.31,1601991252.635,347.0,75577.0,347.1,27263.0,27499384
Deribit,eth_usd,347.31,1601991252.638,347.0,75567.0,347.1,27263.0,27499384
Deribit,eth_usd,347.31,1601991252.639,347.0,75567.0,347.1,27273.0,27499384
Deribit,eth_usd,347.31,1601991252.64,347.0,75567.0,347.05,800.0,27499384
Deribit,eth_usd,347.31,1601991252.653,347.0,75577.0,347.05,800.0,27499384
Deribit,eth_usd,347.31,1601991252.667,347.0,75577.0,347.1,16261.0,27493845
Deribit,eth_usd,347.31,1601991252.67,347.05,11800.0,347.1,16261.0,27493845
Deribit,eth_usd,347.31,1601991252.67,347.05,11800.0,347.1,4396.0,27481980
Deribit,eth_usd,347.31,1601991252.671,347.05,12453.0,347.1,4396.0,27481980
Deribit,eth_usd,347.31,1601991252.672,347.05,12453.0,347.1,5196.0,27481980
Deribit,eth_usd,347.31,1601991252.673,347.05,15253.0,347.1,5196.0,27481980
Deribit,eth_usd,347.31,1601991252.674,347.05,12453.0,347.1,5196.0,27481980
Deribit,eth_usd,347.31,1601991252.675,347.05,12453.0,347.1,5206.0,27481980
Deribit,eth_usd,347.31,1601991252.682,347.05,12953.0,347.1,5206.0,27481980
Deribit,eth_usd,347.31,1601991252.69,347.05,12953.0,347.1,5196.0,27481980
Deribit,eth_usd,347.31,1601991252.692,347.05,12963.0,347.1,5196.0,27481980
Deribit,eth_usd,347.31,1601991252.723,347.05,12963.0,347.1,1800.0,27481980
Deribit,eth_usd,347.31,1601991252.751,347.05,12963.0,347.1,1000.0,27481980
Deribit,eth_usd,347.31,1601991252.756,347.05,1163.0,347.1,1000.0,27481980
Deribit,eth_usd,347.31,1601991252.777,347.05,1163.0,347.15,11500.0,27481980
Deribit,eth_usd,347.31,1601991252.779,347.1,16999.0,347.15,11500.0,27481980
Deribit,eth_usd,347.31,1601991252.784,347.1,17009.0,347.15,11500.0,27481980
Deribit,eth_usd,347.31,1601991252.791,347.1,17509.0,347.15,11500.0,27481980
Deribit,btc_usd,10716.46,1601991252.791,10714.5,60150.0,10715.0,52900.0,94425240
Deribit,eth_usd,347.31,1601991252.826,347.1,17509.0,347.15,10500.0,27481980
Deribit,eth_usd,347.31,1601991252.833,347.1,17509.0,347.15,10000.0,27481980
Deribit,eth_usd,347.31,1601991252.89,347.1,77789.0,347.15,10000.0,27481980
Deribit,eth_usd,347.31,1601991252.901,347.1,77789.0,347.2,6736.0,27481980
Deribit,eth_usd,347.31,1601991252.919,347.1,77789.0,347.2,400.0,27481980
Deribit,eth_usd,347.31,1601991252.955,347.1,17509.0,347.2,400.0,27481980
Deribit,eth_usd,347.31,1601991252.971,347.1,17509.0,347.2,1900.0,27481980
Deribit,btc_usd,10716.46,1601991252.975,10714.5,60150.0,10715.0,46500.0,94425240
Deribit,btc_usd,10716.46,1601991252.976,10714.5,60150.0,10715.0,43300.0,94425240
Deribit,btc_usd,10716.46,1601991252.977,10714.5,99160.0,10715.0,43300.0,94425240
Deribit,btc_usd,10716.46,1601991252.978,10714.5,99160.0,10715.0,40100.0,94425240
Deribit,btc_usd,10716.46,1601991252.978,10714.5,99160.0,10715.0,36900.0,94425240
Deribit,btc_usd,10716.46,1601991252.981,10714.5,99160.0,10715.0,2000.0,94425240
Deribit,btc_usd,10716.46,1601991252.986,10714.5,119160.0,10715.0,2000.0,94425240
Deribit,eth_usd,347.31,1601991253.151,347.15,72080.0,347.2,1900.0,27481980
Deribit,eth_usd,347.31,1601991253.156,347.15,72580.0,347.2,1900.0,27481980
Deribit,eth_usd,347.31,1601991253.156,347.15,72590.0,347.2,1900.0,27481980
Deribit,btc_usd,10716.04,1601991253.234,10714.5,125560.0,10715.0,2000.0,94425240
Deribit,btc_usd,10716.04,1601991253.235,10714.5,128760.0,10715.0,2000.0,94425240
Deribit,btc_usd,10716.04,1601991253.235,10714.5,131960.0,10715.0,2000.0,94425240
Deribit,btc_usd,10716.04,1601991253.237,10714.5,135160.0,10715.0,2000.0,94425240
Deribit,eth_usd,347.31,1601991253.238,347.15,72590.0,347.2,1500.0,27481980
Deribit,btc_usd,10716.04,1601991253.238,10714.5,128760.0,10715.0,2000.0,94425240
Deribit,btc_usd,10716.04,1601991253.238,10714.5,125560.0,10715.0,2000.0,94425240
Deribit,btc_usd,10716.04,1601991253.241,10714.5,122360.0,10715.0,2000.0,94425240
Deribit,btc_usd,10716.04,1601991253.242,10714.5,119160.0,10715.0,2000.0,94425240
Deribit,btc_usd,10716.04,1601991253.243,10714.5,122360.0,10715.0,2000.0,94425240
Deribit,btc_usd,10716.04,1601991253.244,10714.5,125560.0,10715.0,2000.0,94425240
Deribit,btc_usd,10716.04,1601991253.245,10714.5,131960.0,10715.0,2000.0,94425240
Deribit,btc_usd,10716.04,1601991253.245,10714.5,135160.0,10715.0,2000.0,94425240
Deribit,btc_usd,10716.04,1601991253.334,10714.5,135160.0,10715.0,12000.0,94425240
Deribit,eth_usd,347.36,1601991253.404,347.15,72590.0,347.2,1500.0,27481980
Deribit,btc_usd,10716.04,1601991253.41,10714.5,137660.0,10715.0,12000.0,94425240
Deribit,eth_usd,347.36,1601991253.41,347.15,72590.0,347.2,1800.0,27481980
Deribit,eth_usd,347.36,1601991253.417,347.15,72590.0,347.2,1500.0,27481980
Deribit,btc_usd,10716.04,1601991253.43,10714.5,137670.0,10715.0,12000.0,94425240
Deribit,eth_usd,347.36,1601991253.457,347.15,72590.0,347.2,2500.0,27481980
Deribit,btc_usd,10716.04,1601991253.475,10714.5,137660.0,10715.0,12000.0,94425240
Deribit,btc_usd,10716.04,1601991253.679,10714.5,137660.0,10715.0,2000.0,94425240
Deribit,btc_usd,10716.04,1601991253.682,10714.5,144060.0,10715.0,2000.0,94425240
Deribit,btc_usd,10716.04,1601991253.684,10714.5,147260.0,10715.0,2000.0,94425240
Deribit,btc_usd,10716.04,1601991253.684,10714.5,150460.0,10715.0,2000.0,94425240
Deribit,btc_usd,10716.04,1601991253.685,10714.5,153660.0,10715.0,2000.0,94425240
Deribit,btc_usd,10716.04,1601991253.687,10714.5,147260.0,10715.0,2000.0,94425240
Deribit,btc_usd,10716.04,1601991253.687,10714.5,144060.0,10715.0,2000.0,94425240
Deribit,btc_usd,10716.04,1601991253.689,10714.5,140860.0,10715.0,2000.0,94425240
Deribit,btc_usd,10716.04,1601991253.691,10714.5,137660.0,10715.0,2000.0,94425240
Deribit,eth_usd,347.36,1601991253.699,347.15,510.0,347.2,2500.0,27481980
Deribit,eth_usd,347.36,1601991253.71,347.15,10.0,347.2,2500.0,27481980
Deribit,eth_usd,347.36,1601991253.715,347.1,1300.0,347.2,2500.0,27481980
Deribit,eth_usd,347.36,1601991253.716,347.1,1310.0,347.2,2500.0,27481980
Deribit,eth_usd,347.36,1601991253.717,347.1,1310.0,347.15,34715.0,27481980
Deribit,eth_usd,347.36,1601991253.717,347.1,1310.0,347.15,35368.0,27481980
Deribit,btc_usd,10716.04,1601991253.903,10714.5,137660.0,10715.0,4100.0,94425240
Deribit,eth_usd,347.36,1601991253.932,347.1,810.0,347.15,35368.0,27481980
Deribit,btc_usd,10716.04,1601991254.039,10714.5,137660.0,10715.0,2000.0,94425240
Deribit,btc_usd,10716.04,1601991254.044,10714.5,140860.0,10715.0,2000.0,94425240
Deribit,btc_usd,10716.04,1601991254.045,10714.5,144060.0,10715.0,2000.0,94425240
Deribit,btc_usd,10716.04,1601991254.046,10714.5,147260.0,10715.0,2000.0,94425240
Deribit,btc_usd,10716.04,1601991254.047,10714.5,153660.0,10715.0,2000.0,94425240
Deribit,btc_usd,10716.04,1601991254.048,10714.5,150460.0,10715.0,2000.0,94425240
Deribit,btc_usd,10716.04,1601991254.049,10714.5,147260.0,10715.0,2000.0,94425240
Deribit,btc_usd,10716.04,1601991254.054,10714.5,140860.0,10715.0,2000.0,94425240
Deribit,btc_usd,10716.04,1601991254.054,10714.5,137660.0,10715.0,2000.0,94425240
Deribit,eth_usd,347.36,1601991254.305,347.1,10.0,347.15,35368.0,27481980
Deribit,eth_usd,347.36,1601991254.31,347.05,19305.0,347.15,35368.0,27481980
Deribit,eth_usd,347.36,1601991254.312,347.05,19315.0,347.15,35368.0,27481980
Deribit,btc_usd,10716.29,1601991254.375,10714.5,137660.0,10715.0,200.0,94425240
Deribit,btc_usd,10716.29,1601991254.38,10714.5,144060.0,10715.0,200.0,94425240
Deribit,btc_usd,10716.29,1601991254.381,10714.5,147260.0,10715.0,200.0,94425240
Deribit,btc_usd,10716.29,1601991254.381,10714.5,150460.0,10715.0,200.0,94425240
Deribit,btc_usd,10716.29,1601991254.383,10714.5,153660.0,10715.0,200.0,94425240
Deribit,btc_usd,10716.29,1601991254.385,10714.5,150460.0,10715.0,200.0,94425240
Deribit,btc_usd,10716.29,1601991254.386,10714.5,144060.0,10715.0,200.0,94425240
Deribit,btc_usd,10716.29,1601991254.387,10714.5,140860.0,10715.0,200.0,94425240
Deribit,btc_usd,10716.29,1601991254.39,10714.5,137660.0,10715.0,200.0,94425240
Deribit,btc_usd,10716.29,1601991254.547,10714.5,142660.0,10715.0,200.0,94425240
Deribit,eth_usd,347.35,1601991254.682,347.05,19315.0,347.15,35428.0,27481980
Deribit,btc_usd,10716.29,1601991254.685,10714.5,196240.0,10715.0,200.0,94425240
Deribit,btc_usd,10716.29,1601991254.691,10714.5,237340.0,10715.0,200.0,94425240
Deribit,btc_usd,10716.29,1601991254.746,10714.5,239140.0,10715.0,200.0,94425240
Deribit,btc_usd,10716.29,1601991254.758,10714.5,239140.0,10717.0,10.0,94425170
Deribit,btc_usd,10716.29,1601991254.761,10715.0,78200.0,10717.0,10.0,94425170
Deribit,btc_usd,10716.29,1601991254.762,10716.5,6400.0,10717.0,10.0,94425170
Deribit,btc_usd,10716.29,1601991254.763,10716.5,9600.0,10717.0,10.0,94425170
Deribit,eth_usd,347.35,1601991254.766,347.05,19315.0,347.15,35928.0,27481980
Deribit,btc_usd,10716.29,1601991254.766,10716.5,12800.0,10717.0,10.0,94425170
Deribit,btc_usd,10716.29,1601991254.767,10716.5,16000.0,10717.0,10.0,94425170
Deribit,btc_usd,10716.29,1601991254.769,10716.5,55400.0,10717.0,10.0,94425170
Deribit,btc_usd,10716.29,1601991254.778,10716.5,58600.0,10717.0,10.0,94425170
Deribit,btc_usd,10716.29,1601991254.778,10716.5,52200.0,10717.0,10.0,94425170
Deribit,btc_usd,10716.29,1601991254.78,10716.5,72200.0,10717.0,10.0,94425170
Deribit,btc_usd,10716.29,1601991254.782,10716.5,75400.0,10717.0,10.0,94425170
Deribit,btc_usd,10716.29,1601991254.783,10716.5,78600.0,10717.0,10.0,94425170
Deribit,btc_usd,10716.29,1601991254.785,10716.5,81800.0,10717.0,10.0,94425170
Deribit,btc_usd,10716.29,1601991254.786,10716.5,88200.0,10717.0,10.0,94425170
Deribit,btc_usd,10716.29,1601991254.789,10716.5,88400.0,10717.0,10.0,94425170
Deribit,btc_usd,10716.29,1601991254.789,10716.5,91600.0,10717.0,10.0,94425170
Deribit,btc_usd,10716.29,1601991254.79,10716.5,94800.0,10717.0,10.0,94425170
Deribit,btc_usd,10716.29,1601991254.791,10716.5,91600.0,10717.0,10.0,94425170
Deribit,btc_usd,10716.29,1601991254.792,10716.5,98000.0,10717.0,10.0,94425170
Deribit,btc_usd,10716.29,1601991254.795,10716.5,94800.0,10717.0,10.0,94425170
Deribit,btc_usd,10716.29,1601991254.795,10716.5,91600.0,10717.0,10.0,94425170
Deribit,btc_usd,10716.29,1601991254.797,10716.5,88400.0,10717.0,10.0,94425170
Deribit,eth_usd,347.35,1601991254.797,347.05,19315.0,347.15,35938.0,27481980
Deribit,btc_usd,10716.29,1601991254.798,10716.5,85200.0,10717.0,10.0,94425170
Deribit,btc_usd,10716.29,1601991254.799,10716.5,82000.0,10717.0,10.0,94425170
Deribit,btc_usd,10716.29,1601991254.801,10716.5,75600.0,10717.0,10.0,94425170
Deribit,btc_usd,10716.29,1601991254.966,10716.5,75600.0,10717.5,52520.0,94425170
Deribit,btc_usd,10716.29,1601991255.002,10717.0,38950.0,10717.5,52520.0,94425170
Deribit,btc_usd,10716.29,1601991255.004,10717.0,58950.0,10717.5,52520.0,94425170
Deribit,btc_usd,10716.29,1601991255.005,10717.0,63950.0,10717.5,52520.0,94425170
Deribit,btc_usd,10716.29,1601991255.005,10717.0,63950.0,10717.5,50020.0,94425170
Deribit,btc_usd,10716.29,1601991255.006,10717.0,67150.0,10717.5,50020.0,94425170
Deribit,btc_usd,10716.29,1601991255.007,10717.0,70350.0,10717.5,50020.0,94425170
Deribit,btc_usd,10716.29,1601991255.008,10717.0,76750.0,10717.5,50020.0,94425170
Deribit,btc_usd,10716.29,1601991255.009,10717.0,79950.0,10717.5,50020.0,94425170
Deribit,btc_usd,10716.29,1601991255.016,10717.0,74950.0,10717.5,50020.0,94425170
Deribit,btc_usd,10716.29,1601991255.021,10717.0,75150.0,10717.5,50020.0,94425170
Deribit,btc_usd,10716.29,1601991255.021,10717.0,78350.0,10717.5,50020.0,94425170
Deribit,btc_usd,10716.29,1601991255.022,10717.0,84750.0,10717.5,50020.0,94425170
Deribit,btc_usd,10716.29,1601991255.023,10717.0,87950.0,10717.5,50020.0,94425170
Deribit,btc_usd,10716.29,1601991255.024,10717.0,91150.0,10717.5,50020.0,94425170
Deribit,btc_usd,10716.29,1601991255.025,10717.0,97550.0,10717.5,50020.0,94425170
Deribit,btc_usd,10716.29,1601991255.026,10717.0,100750.0,10717.5,50020.0,94425170
Deribit,btc_usd,10716.29,1601991255.026,10717.0,97550.0,10717.5,50020.0,94425170
Deribit,btc_usd,10716.29,1601991255.028,10717.0,91150.0,10717.5,50020.0,94425170
Deribit,btc_usd,10716.29,1601991255.028,10717.0,87950.0,10717.5,50020.0,94425170
Deribit,btc_usd,10716.29,1601991255.029,10717.0,84750.0,10717.5,50020.0,94425170
Deribit,btc_usd,10716.29,1601991255.03,10717.0,78350.0,10717.5,50020.0,94425170
Deribit,btc_usd,10716.29,1601991255.031,10717.0,75150.0,10717.5,50020.0,94425170
Deribit,btc_usd,10716.55,1601991255.207,10717.0,75150.0,10717.5,50050.0,94425170
Deribit,btc_usd,10716.55,1601991255.448,10717.0,75150.0,10717.5,50.0,94425170
Deribit,btc_usd,10716.55,1601991255.45,10717.0,77650.0,10717.5,50.0,94425170
Deribit,btc_usd,10716.55,1601991255.451,10717.0,77650.0,10717.5,20.0,94425170
Deribit,btc_usd,10716.55,1601991255.452,10717.0,84050.0,10717.5,20.0,94425170
Deribit,btc_usd,10716.55,1601991255.453,10717.0,87250.0,10717.5,20.0,94425170
Deribit,btc_usd,10716.55,1601991255.453,10717.0,90450.0,10717.5,20.0,94425170
Deribit,btc_usd,10716.55,1601991255.455,10717.0,93650.0,10717.5,20.0,94425170
Deribit,btc_usd,10716.55,1601991255.455,10717.0,93650.0,10717.5,10.0,94425170
Deribit,btc_usd,10716.55,1601991255.457,10717.0,87250.0,10717.5,10.0,94425170
Deribit,btc_usd,10716.55,1601991255.458,10717.0,90450.0,10717.5,10.0,94425170
Deribit,btc_usd,10716.55,1601991255.458,10717.0,93650.0,10717.5,10.0,94425170
Deribit,btc_usd,10716.55,1601991255.459,10717.0,96850.0,10717.5,10.0,94425170
Deribit,btc_usd,10716.55,1601991255.46,10717.0,103250.0,10717.5,10.0,94425170
Deribit,btc_usd,10716.55,1601991255.461,10717.0,100050.0,10717.5,10.0,94425170
Deribit,btc_usd,10716.55,1601991255.462,10717.0,96850.0,10717.5,10.0,94425170
Deribit,btc_usd,10716.55,1601991255.464,10717.0,93650.0,10717.5,10.0,94425170
Deribit,btc_usd,10716.55,1601991255.465,10717.0,90450.0,10717.5,10.0,94425170
Deribit,btc_usd,10716.55,1601991255.466,10717.0,87250.0,10717.5,10.0,94425170
Deribit,btc_usd,10716.55,1601991255.467,10717.0,80850.0,10717.5,10.0,94425170
Deribit,btc_usd,10716.55,1601991255.467,10717.0,84050.0,10717.5,10.0,94425170
Deribit,btc_usd,10716.55,1601991255.471,10717.0,84050.0,10719.0,8820.0,94425170
Deribit,btc_usd,10716.55,1601991255.473,10717.0,80850.0,10719.0,8820.0,94425170
Deribit,btc_usd,10716.55,1601991255.474,10717.0,77650.0,10719.0,8820.0,94425170
Deribit,btc_usd,10716.55,1601991255.476,10718.5,2300.0,10719.0,8820.0,94425170
Deribit,btc_usd,10716.55,1601991255.477,10718.5,4800.0,10719.0,8820.0,94425170
Deribit,btc_usd,10716.55,1601991255.477,10718.5,7300.0,10719.0,8820.0,94425170
Deribit,btc_usd,10716.55,1601991255.494,10718.5,7300.0,10719.0,36780.0,94425170
Deribit,btc_usd,10716.55,1601991255.514,10718.5,7500.0,10719.0,36780.0,94425170
Deribit,btc_usd,10716.55,1601991255.549,10718.5,7510.0,10719.0,36780.0,94425170
Deribit,btc_usd,10716.55,1601991255.624,10718.5,7510.0,10719.0,37280.0,94425170
Deribit,btc_usd,10716.55,1601991255.633,10718.5,7510.0,10719.0,38280.0,94425170
Deribit,btc_usd,10716.55,1601991255.643,10718.5,7510.0,10719.0,37780.0,94425170
Deribit,btc_usd,10716.55,1601991255.644,10718.5,7510.0,10719.0,36780.0,94425170
Deribit,eth_usd,347.35,1601991255.772,347.05,1963.0,347.15,35938.0,27481980
Deribit,eth_usd,347.35,1601991255.833,347.05,1310.0,347.15,35938.0,27481980
Deribit,btc_usd,10716.55,1601991255.881,10718.5,7510.0,10719.0,85980.0,94425170
Deribit,btc_usd,10716.55,1601991255.973,10718.5,7510.0,10719.0,86300.0,94425170
Deribit,eth_usd,347.35,1601991255.988,347.05,1300.0,347.15,35938.0,27481980
Deribit,eth_usd,347.35,1601991255.992,347.05,800.0,347.15,35938.0,27481980
Deribit,eth_usd,347.35,1601991255.996,347.05,810.0,347.15,35938.0,27481980
Deribit,eth_usd,347.35,1601991255.998,347.05,800.0,347.15,35938.0,27481980
Deribit,eth_usd,347.35,1601991256.001,347.05,810.0,347.15,35938.0,27481980
Deribit,btc_usd,10716.47,1601991256.2,10718.5,7510.0,10719.0,88100.0,94425170
Deribit,btc_usd,10716.47,1601991256.245,10718.5,7500.0,10719.0,88100.0,94425170
Deribit,eth_usd,347.35,1601991256.332,347.05,10.0,347.15,35938.0,27481980
Deribit,eth_usd,347.35,1601991256.34,347.0,1300.0,347.15,35938.0,27481980
Deribit,eth_usd,347.35,1601991256.342,347.0,1310.0,347.15,35938.0,27481980
Deribit,eth_usd,347.35,1601991256.342,347.0,1310.0,347.05,45454.0,27481980
Deribit,eth_usd,347.35,1601991256.343,347.0,1300.0,347.05,45454.0,27481980
Deribit,eth_usd,347.35,1601991256.367,347.0,1300.0,347.15,1163.0,27481980
Deribit,eth_usd,347.35,1601991256.368,347.0,1300.0,347.1,45461.0,27481980
Deribit,eth_usd,347.35,1601991256.373,347.0,1310.0,347.1,45461.0,27481980
Deribit,eth_usd,347.35,1601991256.377,347.0,1310.0,347.05,653.0,27481980
Deribit,btc_usd,10716.47,1601991256.688,10718.5,5000.0,10719.0,88100.0,94425170
Deribit,btc_usd,10716.47,1601991256.695,10718.5,2500.0,10719.0,88100.0,94425170
Deribit,btc_usd,10716.47,1601991256.87,10718.5,2500.0,10719.0,123300.0,94425170
Deribit,btc_usd,10716.47,1601991256.872,10718.5,2500.0,10719.0,129700.0,94425170
Deribit,btc_usd,10716.47,1601991256.901,10718.5,2500.0,10719.0,132900.0,94425170
Deribit,btc_usd,10716.47,1601991257.0,10718.5,2500.0,10719.0,133900.0,94425170
Deribit,btc_usd,10716.47,1601991257.004,10718.5,2500.0,10719.0,137100.0,94425170
Deribit,btc_usd,10716.47,1601991257.022,10718.5,2500.0,10719.0,182100.0,94425170
Deribit,eth_usd,347.36,1601991257.076,347.0,510.0,347.05,653.0,27481980
Deribit,btc_usd,10716.47,1601991257.085,10718.5,200.0,10719.0,182100.0,94425170
Deribit,btc_usd,10716.47,1601991257.087,10718.5,200.0,10719.0,185300.0,94425170
Deribit,btc_usd,10716.47,1601991257.088,10718.5,200.0,10719.0,191700.0,94425170
Deribit,btc_usd,10716.47,1601991257.088,10718.5,200.0,10719.0,194900.0,94425170
Deribit,btc_usd,10716.47,1601991257.093,10718.5,200.0,10719.0,191700.0,94425170
Deribit,btc_usd,10716.47,1601991257.094,10718.5,200.0,10719.0,185300.0,94425170
Deribit,btc_usd,10716.47,1601991257.094,10718.5,200.0,10719.0,182100.0,94425170
Deribit,btc_usd,10716.47,1601991257.148,10718.5,200.0,10719.0,185300.0,94425170
Deribit,eth_usd,347.36,1601991257.346,347.0,520.0,347.05,653.0,27481980
Deribit,eth_usd,347.36,1601991257.364,347.0,5820.0,347.05,653.0,27481980
Deribit,eth_usd,347.36,1601991257.365,347.0,5820.0,347.05,953.0,27481980
Deribit,eth_usd,347.36,1601991257.409,347.0,5820.0,347.05,653.0,27481980
Deribit,btc_usd,10716.34,1601991257.759,10718.5,200.0,10719.0,185400.0,94425170
Deribit,eth_usd,347.37,1601991257.847,347.0,5830.0,347.05,653.0,27481980
Deribit,eth_usd,347.37,1601991258.353,347.0,7430.0,347.05,653.0,27481980
Deribit,eth_usd,347.37,1601991259.733,347.0,5830.0,347.05,653.0,27481980
Deribit,eth_usd,347.37,1601991259.936,347.0,530.0,347.05,653.0,27481980
Deribit,eth_usd,347.37,1601991259.957,347.0,30.0,347.05,653.0,27481980
Deribit,eth_usd,347.37,1601991259.974,347.0,20.0,347.05,653.0,27481980
Deribit,eth_usd,347.37,1601991259.982,347.0,20.0,347.05,713.0,27481980
Deribit,eth_usd,347.37,1601991260.143,347.0,20.0,347.05,1513.0,27481980
Deribit,eth_usd,347.37,1601991260.331,347.0,2020.0,347.05,1513.0,27481980
Deribit,eth_usd,347.37,1601991260.332,347.0,2020.0,347.05,5313.0,27481980
Deribit,eth_usd,347.37,1601991260.369,347.0,20.0,347.05,5313.0,27481980
Deribit,eth_usd,347.36,1601991260.729,347.0,20.0,347.05,5323.0,27481980
Deribit,eth_usd,347.36,1601991261.286,347.0,2020.0,347.05,5323.0,27481980
Deribit,eth_usd,347.36,1601991261.42,347.0,2020.0,347.05,5333.0,27481980
Deribit,btc_usd,10716.6,1601991261.828,10718.0,40.0,10719.0,185400.0,94425040
Deribit,btc_usd,10716.6,1601991261.831,10718.0,40.0,10718.5,3200.0,94425040
Deribit,btc_usd,10716.6,1601991261.831,10718.0,40.0,10718.5,6400.0,94425040
Deribit,btc_usd,10716.6,1601991261.832,10718.0,40.0,10718.5,9600.0,94425040
Deribit,btc_usd,10716.6,1601991261.833,10718.0,40.0,10718.5,16000.0,94425040
Deribit,btc_usd,10716.6,1601991261.833,10718.0,40.0,10718.5,16120.0,94425040
Deribit,btc_usd,10716.6,1601991261.834,10718.0,40.0,10718.5,16770.0,94425040
Deribit,btc_usd,10716.6,1601991261.835,10718.0,40.0,10718.5,17770.0,94425040
Deribit,btc_usd,10716.6,1601991261.836,10718.0,40.0,10718.5,20270.0,94425040
Deribit,btc_usd,10716.6,1601991261.837,10718.0,40.0,10718.5,20300.0,94425040
Deribit,btc_usd,10716.6,1601991261.841,10718.0,40.0,10718.5,186100.0,94425040
Deribit,btc_usd,10716.6,1601991261.842,10718.0,40.0,10718.5,187900.0,94425040
Deribit,btc_usd,10716.6,1601991261.843,10718.0,40.0,10718.5,191100.0,94425040
Deribit,btc_usd,10716.6,1601991261.843,10718.0,40.0,10718.5,194300.0,94425040
Deribit,btc_usd,10716.6,1601991261.845,10718.0,40.0,10718.5,194500.0,94425040
Deribit,btc_usd,10716.6,1601991261.846,10717.5,40.0,10718.5,194500.0,94425040
Deribit,btc_usd,10716.6,1601991261.847,10717.5,40.0,10718.0,6400.0,94425040
Deribit,btc_usd,10716.6,1601991261.847,10717.5,40.0,10718.0,9600.0,94425040
Deribit,btc_usd,10716.6,1601991261.848,10717.5,40.0,10718.0,12800.0,94425040
Deribit,btc_usd,10716.6,1601991261.849,10717.5,40.0,10718.0,16000.0,94425040
Deribit,btc_usd,10716.6,1601991261.85,10717.5,40.0,10718.0,22400.0,94425040
Deribit,btc_usd,10716.6,1601991261.851,10717.5,40.0,10718.0,25600.0,94425040
Deribit,btc_usd,10716.6,1601991261.851,10717.5,40.0,10718.0,28800.0,94425040
Deribit,btc_usd,10716.6,1601991261.855,10717.5,40.0,10718.0,28830.0,94425040
Deribit,btc_usd,10716.6,1601991261.857,10717.5,40.0,10718.0,29830.0,94425040
Deribit,btc_usd,10716.6,1601991261.859,10717.5,40.0,10718.0,32330.0,94425040
Deribit,btc_usd,10716.6,1601991261.859,10717.5,40.0,10718.0,195430.0,94425040
Deribit,btc_usd,10716.6,1601991261.863,10717.5,40.0,10718.0,197230.0,94425040
Deribit,btc_usd,10716.6,1601991261.865,10717.5,40.0,10718.0,203630.0,94425040
Deribit,btc_usd,10716.6,1601991261.865,10717.5,40.0,10718.0,206830.0,94425040
Deribit,btc_usd,10716.6,1601991261.866,10717.5,40.0,10718.0,210030.0,94425040
Deribit,btc_usd,10716.6,1601991261.869,10717.5,40.0,10718.0,235740.0,94425040
Deribit,btc_usd,10716.6,1601991261.87,10717.5,40.0,10718.0,238940.0,94425040
Deribit,btc_usd,10716.6,1601991261.871,10717.5,40.0,10718.0,232540.0,94425040
Deribit,btc_usd,10716.6,1601991261.871,10717.5,40.0,10718.0,232550.0,94425040
Deribit,btc_usd,10716.6,1601991261.872,10717.5,40.0,10718.0,229350.0,94425040
Deribit,btc_usd,10716.6,1601991261.872,10717.5,40.0,10718.0,232550.0,94425040
Deribit,btc_usd,10716.6,1601991261.875,10717.5,40.0,10718.0,229350.0,94425040
Deribit,btc_usd,10716.6,1601991261.876,10717.5,40.0,10718.0,235750.0,94425040
Deribit,btc_usd,10716.6,1601991261.88,10717.5,40.0,10718.0,238950.0,94425040
Deribit,btc_usd,10716.6,1601991261.881,10717.5,40.0,10718.0,235750.0,94425040
Deribit,btc_usd,10716.6,1601991261.881,10717.5,40.0,10718.0,238950.0,94425040
Deribit,btc_usd,10716.6,1601991261.882,10717.5,40.0,10718.0,240700.0,94425040
Deribit,btc_usd,10716.6,1601991261.883,10717.5,40.0,10718.0,242690.0,94425040
Deribit,btc_usd,10716.6,1601991261.883,10717.5,40.0,10718.0,236290.0,94425040
Deribit,btc_usd,10716.6,1601991261.885,10717.5,40.0,10718.0,233090.0,94425040
Deribit,btc_usd,10716.6,1601991261.886,10717.5,40.0,10718.0,229890.0,94425040
Deribit,btc_usd,10716.6,1601991261.886,10717.5,40.0,10718.0,226690.0,94425040
Deribit,btc_usd,10716.6,1601991261.887,10717.5,40.0,10718.0,220290.0,94425040
Deribit,btc_usd,10716.6,1601991261.888,10717.5,40.0,10718.0,217090.0,94425040
Deribit,btc_usd,10716.6,1601991261.889,10717.5,40.0,10718.0,213890.0,94425040
Deribit,btc_usd,10716.6,1601991261.89,10717.5,40.0,10718.0,214090.0,94425040
Deribit,btc_usd,10716.6,1601991261.911,10717.5,40.0,10718.0,214100.0,94425040
Deribit,eth_usd,347.35,1601991261.94,346.9,2021.0,347.05,5333.0,27483154
Deribit,btc_usd,10716.6,1601991261.941,10717.5,40.0,10718.0,216120.0,94425040
Deribit,eth_usd,347.35,1601991261.942,346.9,2021.0,347.0,701.0,27483154
Deribit,eth_usd,347.35,1601991261.943,346.9,2021.0,347.0,35401.0,27483154
Deribit,eth_usd,347.35,1601991261.944,346.9,2021.0,347.0,36720.0,27483154
Deribit,eth_usd,347.35,1601991261.945,346.85,4025.0,347.0,36720.0,27483154
Deribit,eth_usd,347.35,1601991261.946,346.9,10.0,347.0,36720.0,27483154
Deribit,btc_usd,10716.6,1601991261.946,10717.0,40.0,10718.0,216120.0,94425000
Deribit,eth_usd,347.35,1601991261.947,346.9,10.0,347.0,47520.0,27483154
Deribit,eth_usd,347.35,1601991261.948,346.9,10.0,347.0,52820.0,27483154
Deribit,btc_usd,10716.6,1601991261.949,10717.0,40.0,10717.5,120.0,94425000
