Plateforme,Asset,Quote,Datetime,Bid,BidAmount,Ask,AskAmount,OpenInterest
Kraken,btc_usd,10496.9,1601621930.757517,10494.2,1.91745566,10496.9,0.93877384,10515.9224
Kraken,btc_eur,8957.9,1601621930.758247,8957.9,0.00872724,8958.0,4.3854778,8948.57182
Kraken,eth_usd,344.04,1601621930.758682,344.03,8.499,344.04,134.43513752,345.98877
Kraken,eth_eur,293.52,1601621930.759107,293.51,33.68672,293.52,6.96924007,295.43671
Kraken,btc_eur,8957.9,1601621937.972659,8957.9,0.00608057,8958.0,1.1179178,8948.57186
Kraken,eth_eur,293.5,1601621945.905031,293.5,1.16719857,293.52,31.44786561,295.43624
Kraken,eth_usd,344.04,1601621947.791485,344.03,9.23665389,344.04,14.5918656,345.98777
Kraken,btc_eur,8958.0,1601621948.159954,8957.9,0.04255645,8958.0,1.11521053,8948.5719
Kraken,btc_usd,10496.7,1601621953.241875,10496.6,0.97690132,10496.7,0.08507379,10515.91426
Kraken,btc_eur,8958.0,1601621954.238654,8957.9,0.04255645,8958.0,1.09200492,8948.57227
Kraken,btc_eur,8958.0,1601621954.663217,8957.9,0.04255645,8958.0,1.06964519,8948.57262
Kraken,btc_eur,8958.0,1601621955.097394,8957.9,0.04255645,8958.0,1.04352392,8948.57302
Kraken,btc_eur,8956.3,1601621955.543685,8956.3,0.0314918,8958.0,1.04352392,8948.57408
Kraken,btc_usd,10496.6,1601621956.98384,10496.6,0.96062732,10496.7,0.08507379,10515.91399
Kraken,eth_usd,344.03,1601621964.072856,344.03,7.18775389,344.04,16.77184828,345.98755
Kraken,eth_eur,293.51,1601621965.198617,293.5,1.16719857,293.51,96.26283895,295.43618
Kraken,eth_eur,293.5,1601621965.802523,293.5,1.00829307,293.51,126.26283895,295.43614
Kraken,btc_usd,10493.4,1601621968.231238,10493.4,0.0891,10495.0,0.69497147,10515.90615
Kraken,eth_usd,344.04,1601621968.730663,344.03,7.18775389,344.04,28.43246997,345.98749
Kraken,btc_eur,8955.6,1601621972.366566,8955.3,0.0242,8955.6,0.00823794,8948.57419
Kraken,eth_eur,293.51,1601621974.756414,293.5,31.76344906,293.51,82.30334715,295.43524
Kraken,btc_eur,8955.7,1601621975.262406,8955.3,0.0242,8955.7,56.33534596,8948.57801
Kraken,btc_usd,10496.7,1601621977.919435,10496.1,1.0659268,10496.7,0.46953041,10515.88963
Kraken,btc_usd,10501.6,1601621983.303887,10500.4,2.60219248,10501.6,0.40599132,10515.88341
Kraken,eth_usd,344.41,1601621989.739326,344.37,5.68715389,344.41,2.06367658,345.98694
Kraken,btc_eur,8955.8,1601621990.682542,8955.8,9.32049578,8955.9,0.05582911,8948.57807
Kraken,btc_eur,8955.9,1601622000.932313,8955.8,7.89760316,8955.9,0.04486338,8948.5782
Kraken,btc_eur,8955.9,1601622001.957697,8955.8,7.89760316,8955.9,0.04263022,8948.57822
Kraken,btc_usd,10506.4,1601622007.190258,10504.1,0.71409559,10506.4,0.55353292,10515.88333
Kraken,eth_usd,344.49,1601622008.123219,344.42,46.42305389,344.49,0.60211518,345.98681
Kraken,eth_eur,293.89,1601622009.014313,293.8,0.75515599,293.89,11.76114561,295.43331
Kraken,btc_eur,8955.9,1601622009.097158,8955.8,9.1138111,8955.9,0.03507902,8948.57831
Kraken,btc_eur,8955.9,1601622011.235308,8955.8,8.68622794,8955.9,0.00749586,8948.57864
Kraken,btc_eur,8955.9,1601622012.125295,8955.8,8.74372794,8955.9,0.00545164,8948.57867
Kraken,btc_eur,8955.9,1601622020.066284,8955.8,8.72556594,8957.4,0.4,8948.57873
Kraken,btc_eur,8958.0,1601622020.240137,8957.9,0.63473,8958.0,0.30236669,8948.57913
Kraken,btc_usd,10506.2,1601622025.627793,10506.2,1.35773053,10506.3,0.75974162,10515.88321
Kraken,btc_usd,10506.2,1601622026.082677,10506.2,1.19494428,10506.3,0.77314789,10515.88277
Kraken,btc_usd,10506.3,1601622028.599377,10506.2,1.78803812,10506.3,0.7516081,10515.8826
Kraken,eth_usd,344.62,1601622029.656764,344.56,0.42305389,344.62,33.57652826,345.98676
Kraken,btc_eur,8958.0,1601622035.875868,8957.9,0.4087667,8958.0,0.60426761,8948.58085
Kraken,btc_eur,8958.0,1601622041.196223,8957.9,0.4087667,8959.0,0.101,8948.58397
Kraken,btc_eur,8958.7,1601622041.904407,8958.6,0.07801208,8958.7,0.0811896,8948.58437
Kraken,btc_eur,8958.7,1601622046.604965,8958.6,3.06800872,8958.7,0.06584798,8948.58462
Kraken,btc_eur,8958.7,1601622046.615162,8958.6,3.06800872,8958.7,0.05384798,8948.58482
Kraken,btc_eur,8958.7,1601622048.340384,8958.6,1.06800872,8958.7,0.03167122,8948.58518
Kraken,btc_eur,8958.7,1601622048.810057,8958.6,1.06800872,8958.7,0.00284308,8948.58566
Kraken,btc_eur,8958.7,1601622052.455212,8958.6,0.50342753,8958.7,0.6842974,8948.5862
Kraken,eth_usd,344.5,1601622064.569638,344.5,0.40954908,344.52,105.82959587,345.98514
Kraken,eth_usd,344.5,1601622064.57523,344.33,8.60155751,344.52,105.82959587,345.9851
Kraken,btc_usd,10502.6,1601622065.82609,10502.5,0.001,10502.6,5.11222759,10515.88246
Kraken,btc_usd,10502.5,1601622075.050347,10496.6,0.4,10502.6,8.91613359,10515.88245
Kraken,eth_usd,344.18,1601622075.209441,344.17,0.69578788,344.18,39.66102371,345.98448
Kraken,btc_eur,8958.6,1601622075.246637,8957.9,0.18821487,8958.7,4.61459635,8948.58642
Kraken,eth_usd,344.05,1601622075.291266,344.05,0.00734539,344.18,39.66102371,345.98315
Kraken,btc_eur,8957.9,1601622075.429186,8957.9,0.00029954,8958.0,0.51,8948.58926
Kraken,eth_usd,344.03,1601622075.611699,344.03,0.0001,344.05,12.541,345.98246
Kraken,btc_usd,10492.7,1601622075.779464,10490.6,0.133,10492.8,4.72677081,10515.88192
Kraken,btc_usd,10490.6,1601622076.153923,10490.6,0.04091554,10490.9,0.49293351,10515.87995
Kraken,eth_usd,344.03,1601622076.287929,343.91,2.97833215,344.04,48.45496157,345.98246
Kraken,btc_usd,10490.3,1601622077.144965,10487.9,0.066067,10491.3,0.42072039,10515.87993
Kraken,eth_usd,343.92,1601622079.063596,343.91,2.97833215,343.92,60.63318798,345.98241
Kraken,eth_usd,343.92,1601622079.422514,343.91,2.97833215,343.92,60.61304809,345.98241
Kraken,btc_eur,8954.2,1601622080.296962,8955.9,0.00014795,8956.0,2.13866984,8948.5919
Kraken,btc_usd,10488.5,1601622080.587369,10488.5,0.42235179,10489.8,0.04,10515.87854
Kraken,btc_usd,10489.2,1601622081.894023,10489.1,0.83557,10489.2,0.70927166,10515.8784
Kraken,eth_usd,343.9,1601622082.35131,343.9,0.0037985,343.92,61.5129821,345.98207
Kraken,eth_eur,293.51,1601622083.001868,293.5,1.00829307,293.51,168.69463433,295.43248
Kraken,btc_eur,8954.2,1601622084.152154,8954.2,0.00499693,8954.3,58.93346044,8948.59204
Kraken,eth_eur,293.5,1601622088.188329,293.33,0.83485,293.51,176.69852461,295.43223
Kraken,btc_eur,8954.3,1601622092.376436,8954.2,0.00499693,8954.3,60.98444421,8948.59218
Kraken,btc_usd,10490.0,1601622092.774446,10489.9,2.14346315,10492.0,0.93877384,10515.87753
Kraken,btc_eur,8954.2,1601622094.554322,8954.2,0.00316312,8954.3,60.98144421,8948.5922
Kraken,btc_eur,8945.0,1601622096.351222,8945.0,0.56467675,8954.3,60.98144421,8948.5904
Kraken,btc_eur,8944.1,1601622096.377761,8944.1,0.62619931,8954.3,60.98144421,8948.58414
Kraken,btc_eur,8942.7,1601622096.392146,8942.7,0.48678271,8954.3,60.98144421,8948.56836
Kraken,eth_usd,343.9,1601622099.114518,343.85,11.65,343.91,42.2740793,345.98207
Kraken,eth_usd,343.9,1601622099.224375,343.85,11.65,343.91,36.16829946,345.98207
Kraken,btc_usd,10491.2,1601622103.38564,10490.2,0.4,10491.2,0.84001356,10515.86842
Kraken,eth_eur,293.33,1601622109.256098,293.21,2.0,293.34,165.01935682,295.43201
Kraken,btc_eur,8947.8,1601622111.758724,8947.1,0.0646511,8947.8,0.60470898,8948.56822
Kraken,eth_usd,343.9,1601622114.173246,343.9,7.36016131,343.91,75.3576937,345.9819
Kraken,btc_eur,8947.8,1601622114.510859,8947.1,2.0646511,8947.8,0.31911201,8948.56787
Kraken,eth_usd,343.9,1601622120.387942,343.9,0.00016131,343.91,78.20514033,345.98107
Kraken,btc_eur,8947.8,1601622120.939105,8947.7,1.37473,8948.2,0.0325,8948.56786
Kraken,eth_usd,343.85,1601622127.455067,343.85,0.00016131,343.91,129.31592017,345.97971
Kraken,btc_eur,8948.2,1601622128.513485,8948.1,0.5,8948.2,0.02212711,8948.56785
Kraken,eth_eur,293.05,1601622131.424221,293.05,3.521,293.16,80.97760836,295.43027
Kraken,eth_eur,293.05,1601622131.435755,293.05,0.521,293.16,80.97760836,295.42938
Kraken,eth_usd,343.8,1601622133.383362,343.8,0.00016131,343.86,92.92097059,345.9793
Kraken,btc_eur,8948.4,1601622133.922072,8948.3,0.765,8948.4,0.73509305,8948.56785
Kraken,btc_eur,8948.3,1601622135.391517,8948.3,0.465,8948.4,0.73509305,8948.56772
Kraken,btc_eur,8948.3,1601622135.499048,8948.3,0.45181189,8948.4,0.73509305,8948.56772
Kraken,btc_eur,8948.4,1601622136.612051,8947.7,0.18681189,8948.4,0.70335041,8948.56771
Kraken,btc_usd,10490.0,1601622136.91772,10489.3,0.5415979,10490.0,0.35053274,10515.82429
Kraken,btc_eur,8948.4,1601622137.027011,8947.7,0.18681189,8948.4,0.67895632,8948.5677
Kraken,btc_eur,8948.4,1601622137.472097,8947.7,0.18681189,8948.4,0.65733426,8948.5677
Kraken,btc_eur,8949.4,1601622137.917073,8948.3,0.18681189,8949.4,0.09864619,8948.5677
Kraken,btc_eur,8949.8,1601622138.095459,8948.3,0.18681189,8949.8,54.07062775,8948.57191
Kraken,btc_eur,8948.3,1601622138.351613,8948.3,0.08936927,8949.2,0.71521548,8948.57186
Kraken,btc_eur,8949.2,1601622140.26716,8949.0,0.08936927,8949.2,0.65069391,8948.57195
Kraken,btc_eur,8949.2,1601622147.365992,8949.1,0.23,8949.2,1.12622626,8948.57196
Kraken,eth_eur,293.05,1601622148.590231,293.04,57.34976345,293.05,2.16672,295.42893
Kraken,btc_usd,10489.3,1601622172.077429,10489.2,0.452,10489.3,1.34474741,10515.8131
Kraken,btc_usd,10489.3,1601622189.019398,10489.2,2.07369752,10489.3,0.032,10515.81292
Kraken,btc_eur,8949.2,1601622189.358279,8949.1,0.26,8949.2,0.16611378,8948.57197
Kraken,btc_usd,10489.5,1601622195.002267,10489.3,1.08,10489.5,0.12525754,10515.81254
Kraken,btc_eur,8949.2,1601622195.46926,8949.1,0.34936927,8949.2,0.16311378,8948.57198
Kraken,eth_usd,343.81,1601622196.858542,343.8,0.00016131,343.81,135.70499078,345.97858
Kraken,eth_eur,293.07,1601622198.500485,293.07,19.46628943,293.1,3.68672,295.42724
Kraken,eth_usd,343.8,1601622199.331066,343.6,8.0603609,343.81,135.70499078,345.97858
Kraken,btc_usd,10489.7,1601622200.655581,10489.2,1.03369752,10489.7,0.43051331,10515.79046
Kraken,btc_eur,8949.2,1601622202.065998,8949.1,0.98584515,8949.2,0.15756832,8948.57198
Kraken,eth_eur,293.02,1601622202.645769,293.01,14.5,293.02,11.71904311,295.42721
Kraken,btc_usd,10489.2,1601622204.281495,10489.2,0.91355994,10489.3,0.02456608,10515.78777
Kraken,btc_eur,8949.2,1601622211.695171,8949.1,4.26571806,8949.2,0.15556832,8948.57198
Kraken,eth_usd,343.6,1601622212.544551,343.52,5.0,343.61,65.52581468,345.9782
Kraken,eth_usd,343.59,1601622212.912552,343.5,5.5,343.59,0.21425506,345.9782
Kraken,btc_usd,10490.6,1601622219.496777,10489.6,0.59160231,10490.6,0.57484307,10515.76615
Kraken,btc_usd,10489.6,1601622220.839589,10489.6,0.83660231,10489.7,0.04,10515.76175
Kraken,btc_eur,8949.2,1601622224.111787,8949.1,2.62746114,8949.2,0.01773403,8948.57209
Kraken,btc_usd,10489.9,1601622227.128785,10489.9,0.56605608,10490.0,0.02247221,10515.76166
Kraken,btc_eur,8949.8,1601622234.689465,8949.1,2.59098526,8949.8,54.06279857,8948.57212
Kraken,btc_eur,8949.7,1601622235.103365,8949.7,0.09148836,8949.8,54.06279857,8948.57223
Kraken,btc_usd,10490.5,1601622242.469204,10490.2,0.98208438,10490.5,1.13216907,10515.75101
Kraken,btc_eur,8949.7,1601622244.552852,8949.7,4.16131586,8949.8,54.06279857,8948.57224
Kraken,btc_usd,10490.5,1601622247.385213,10490.3,1.21220643,10490.5,0.37216907,10515.72975
Kraken,btc_eur,8949.7,1601622250.19055,8949.7,2.08457039,8949.8,54.06279857,8948.57231
Kraken,btc_eur,8953.6,1601622255.035105,8949.9,5.60613698,8953.6,0.29,8948.57322
Kraken,eth_eur,293.1,1601622260.728227,293.04,8.337578,293.1,5.96612344,295.4272
Kraken,btc_eur,8953.9,1601622269.823152,8953.8,0.27647588,8953.9,0.21881643,8948.57597
Kraken,btc_usd,10490.5,1601622269.950368,10490.4,11.99457511,10490.5,0.1209855,10515.72358
Kraken,btc_eur,8953.8,1601622278.161366,8953.8,0.83983491,8953.9,0.4,8948.57598
Kraken,btc_eur,8953.9,1601622279.808816,8953.8,0.87521035,8953.9,0.35,8948.57641
Kraken,btc_usd,10490.4,1601622282.352935,10490.4,12.28957511,10490.5,0.1209855,10515.72347
Kraken,eth_eur,293.01,1601622282.411297,293.01,6.37763857,293.06,14.5,295.41302
Kraken,btc_eur,8953.5,1601622284.672657,8953.0,2.46647588,8953.5,0.71111689,8948.57644
Kraken,eth_eur,293.24,1601622295.224299,293.1,0.188789,293.24,8.14992817,295.40622
Kraken,eth_usd,343.51,1601622295.807146,343.5,28.86812383,343.51,1.75,345.97753
Kraken,btc_eur,8953.9,1601622296.721511,8953.9,0.52940581,8954.0,0.1986,8948.5765
Kraken,eth_eur,293.03,1601622302.00514,293.02,31.84804351,293.03,3.29172,295.40403
Kraken,btc_eur,8954.0,1601622304.49854,8953.9,0.62896004,8954.0,0.89339967,8948.57667
Kraken,btc_eur,8954.0,1601622306.63674,8953.9,0.62896004,8954.0,0.84028041,8948.57713
Kraken,eth_eur,293.02,1601622308.492444,293.01,6.37763857,293.02,18.15672,295.40402
Kraken,btc_eur,8954.0,1601622315.083041,8953.9,0.89320004,8954.0,0.70942787,8948.57718
Kraken,btc_eur,8954.0,1601622315.402599,8953.9,0.89320004,8954.0,0.69442787,8948.57731
Kraken,btc_eur,8954.0,1601622319.818584,8953.9,0.89320004,8954.0,0.68888538,8948.57736
Kraken,btc_eur,8954.0,1601622324.518096,8953.9,0.92614088,8954.0,0.662252,8948.57759
Kraken,btc_eur,8954.0,1601622324.931585,8953.9,0.92614088,8954.0,0.63458922,8948.57783
Kraken,btc_eur,8954.0,1601622325.361936,8953.9,0.92614088,8954.0,0.61211922,8948.57802
Kraken,btc_usd,10492.1,1601622325.643521,10492.1,4.45279222,10494.3,0.42782486,10515.69055
Kraken,btc_eur,8954.0,1601622325.797117,8953.9,0.92614088,8954.0,0.58556979,8948.57825
Kraken,btc_eur,8954.1,1601622331.293861,8954.0,3.32778958,8954.1,0.60815223,8948.5785
Kraken,btc_eur,8954.7,1601622335.327188,8954.6,3.88231444,8954.7,24.73969683,8948.57861
Kraken,eth_eur,293.16,1601622335.414257,293.11,10.188789,293.16,13.5,295.40375
Kraken,btc_eur,8954.6,1601622338.51036,8954.6,5.02396316,8954.7,24.86069683,8948.57883
Kraken,eth_usd,343.51,1601622341.318671,343.5,105.94349998,343.51,1.72986011,345.97753
Kraken,btc_eur,8955.9,1601622344.420948,8955.8,4.83226755,8955.9,0.558854,8948.57908
Kraken,eth_eur,293.28,1601622347.871332,293.27,0.188789,293.28,11.71114561,295.40373
Kraken,eth_usd,343.51,1601622348.856362,343.5,143.19870046,343.51,6.011e-05,345.97729
Kraken,eth_usd,343.51,1601622348.89046,343.5,143.19870046,343.79,7.0,345.97729
Kraken,btc_usd,10495.0,1601622348.923985,10494.9,10.33983065,10503.4,0.59999999,10515.68638
Kraken,btc_eur,8958.3,1601622351.216217,8958.2,7.77319304,8960.3,0.559,8948.57911
Kraken,btc_eur,8960.3,1601622351.460896,8960.2,4.5136101,8960.3,0.553,8948.57922
Kraken,eth_eur,293.31,1601622357.703198,293.31,2.154219,293.39,11.71114561,295.40167
Kraken,btc_eur,8964.4,1601622369.984126,8963.9,0.03294084,8964.4,0.89901734,8948.58059
Kraken,btc_usd,10504.6,1601622371.088274,10504.6,0.3337362,10504.7,0.022,10515.68636
Kraken,btc_usd,10505.2,1601622392.01953,10505.1,3.64201279,10505.2,0.06086407,10515.68635
Kraken,btc_eur,8964.4,1601622396.53268,8964.3,5.43388371,8964.4,0.46732001,8948.58139
Kraken,btc_eur,8964.4,1601622396.882628,8964.3,5.43388371,8964.4,0.46472001,8948.58146
Kraken,btc_eur,8964.4,1601622399.073639,8964.3,5.43388371,8964.4,0.42596758,8948.58243
Kraken,eth_eur,293.44,1601622400.395869,293.38,0.188789,293.44,16.40136064,295.40036
Kraken,eth_eur,293.42,1601622405.826549,293.37,0.188789,293.42,21.80600591,295.40036
Kraken,eth_usd,343.81,1601622411.135268,343.81,34.36812383,343.82,3.0,345.97718
Kraken,btc_eur,8964.3,1601622411.8235,8964.3,5.81767365,8964.4,0.42596758,8948.59498
Kraken,btc_eur,8964.3,1601622412.247064,8964.3,1.81767365,8964.4,0.42596758,8948.69459
Kraken,btc_eur,8964.4,1601622413.482724,8964.3,3.01697698,8964.4,0.41094463,8948.69514
Kraken,btc_eur,8964.4,1601622413.904641,8964.3,3.01697698,8964.4,0.3858769,8948.69576
Kraken,btc_eur,8964.4,1601622414.344603,8964.3,3.01697698,8964.4,0.35905746,8948.69643
Kraken,btc_eur,8964.3,1601622414.49279,8964.3,3.00295898,8964.4,0.35905746,8948.69678
Kraken,btc_eur,8964.4,1601622414.777337,8964.3,5.00295898,8964.4,0.33437758,8948.69739
Kraken,eth_eur,293.37,1601622415.028505,293.37,2.01726193,293.43,3.835,295.38801
Kraken,btc_eur,8964.3,1601622415.200631,8964.3,4.90542582,8964.4,0.32730751,8948.6998
Kraken,btc_eur,8964.4,1601622416.044992,8964.3,4.90542582,8965.7,0.02000545,8948.70794
Kraken,btc_eur,8966.7,1601622417.055972,8965.7,2.51647042,8966.7,22.95337798,8948.71924
Kraken,btc_eur,8965.7,1601622417.380911,8965.7,1.92692042,8966.7,22.70337798,8948.73776
Kraken,btc_eur,8967.9,1601622420.46431,8967.2,0.25823521,8967.9,5.21323919,8948.73795
Kraken,btc_eur,8967.4,1601622425.289013,8965.2,0.0728192,8967.4,1.81101254,8948.74031
Kraken,eth_eur,293.25,1601622428.216774,293.24,0.9,293.25,12.08127206,295.38798
Kraken,btc_eur,8965.1,1601622428.697669,8965.1,0.00792724,8965.2,1.90863814,8948.74038
Kraken,btc_eur,8965.2,1601622435.566124,8965.1,0.00792724,8965.2,3.7009688,8948.74724
Kraken,eth_eur,293.08,1601622443.614371,293.08,0.14392,293.09,38.44627206,295.38798
Kraken,eth_usd,343.3,1601622445.49263,343.3,2.82586088,343.51,12.41117654,345.9749
Kraken,btc_eur,8965.0,1601622445.575129,8965.0,0.00086341,8965.2,12.22802843,8948.74974
Kraken,btc_usd,10505.2,1601622456.843036,10505.1,0.076,10505.2,9.51286981,10515.68569
Kraken,btc_usd,10505.1,1601622457.214144,10505.1,0.0742,10505.2,9.5679586,10515.68567
Kraken,btc_eur,8957.1,1601622462.981962,8955.9,0.06463499,8957.1,0.89294801,8948.74977
Kraken,eth_eur,293.09,1601622463.515195,293.08,0.14392,293.09,73.65455568,295.38711
Kraken,btc_eur,8957.0,1601622464.34218,8955.9,0.06463499,8957.0,0.39,8948.75107
Kraken,btc_usd,10505.2,1601622466.313472,10505.1,0.0742,10505.2,10.33539378,10515.68538
Kraken,eth_eur,293.09,1601622480.760254,293.08,0.14392,293.09,79.07615321,295.38708
Kraken,eth_usd,343.4,1601622481.204504,343.39,34.275,343.4,2.523075,345.9748
Kraken,btc_eur,8955.2,1601622482.032957,8955.2,0.14113387,8955.9,0.74625245,8948.75479
Kraken,btc_usd,10505.2,1601622484.131592,10505.1,0.5212,10505.2,11.03116224,10515.68535
Kraken,btc_eur,8955.3,1601622484.243287,8955.3,0.01789177,8955.9,0.74625245,8948.75528
Kraken,btc_eur,8956.0,1601622485.240602,8955.4,0.29,8956.0,0.37795265,8948.76753
Kraken,btc_usd,10505.2,1601622486.733466,10505.1,0.5212,10505.2,10.99822481,10515.68506
Kraken,eth_eur,293.09,1601622487.369064,293.08,0.14392,293.09,78.69741592,295.38697
Kraken,btc_eur,8955.9,1601622488.276477,8955.8,0.5646335,8955.9,0.01187021,8948.76755
Kraken,btc_eur,8957.0,1601622488.56055,8955.8,0.77928218,8957.0,0.00472507,8948.76767
Kraken,btc_eur,8957.0,1601622490.730159,8956.5,0.06463322,8957.0,0.62296972,8948.76886
Kraken,eth_eur,293.08,1601622492.541298,293.08,0.0415589,293.09,40.68241592,295.38695
Kraken,btc_eur,8962.1,1601622502.742807,8962.1,1.94266625,8963.6,0.38891101,8948.77007
Kraken,eth_usd,343.71,1601622503.570031,343.71,27.43312383,343.74,24.02035113,345.97443
Kraken,btc_eur,8965.8,1601622505.845542,8963.5,3.90671687,8965.8,0.16205621,8948.78109
Kraken,btc_eur,8965.4,1601622506.627562,8965.3,2.56457363,8965.4,0.37621524,8948.78171
Kraken,btc_usd,10505.1,1601622515.005877,10505.1,0.48077502,10505.2,1.85137791,10515.6847
Kraken,btc_eur,8957.7,1601622515.01921,8957.7,0.01460388,8958.4,0.00829764,8948.7884
Kraken,eth_usd,343.68,1601622518.435516,343.65,0.21656192,343.68,6.599,345.97438
Kraken,btc_eur,8957.8,1601622525.856292,8957.6,0.165,8957.8,0.49774264,8948.78855
Kraken,eth_usd,343.64,1601622529.336652,343.62,0.21656192,343.64,21.44243536,345.97433
Kraken,btc_eur,8957.8,1601622529.927124,8957.7,0.23,8957.8,1.21436537,8948.78864
Kraken,eth_usd,343.61,1601622534.522885,343.6,11.10577984,343.64,21.44243536,345.97343
Kraken,eth_eur,293.38,1601622535.82875,293.23,40.58508233,293.38,4.093,295.38187
Kraken,eth_usd,343.8,1601622535.955673,343.79,90.73877984,343.8,2.593,345.97333
Kraken,btc_eur,8958.3,1601622536.26451,8958.2,5.09657323,8958.3,0.10328668,8948.78867
Kraken,btc_eur,8960.7,1601622536.595034,8958.2,5.12890028,8960.7,11.80520971,8948.7939
Kraken,btc_eur,8958.2,1601622536.639001,8958.2,5.12439422,8960.7,11.80520971,8948.79397
Kraken,eth_usd,343.8,1601622537.449014,343.79,95.75534176,343.8,2.469877,345.97331
Kraken,eth_eur,293.15,1601622539.776527,293.15,9.507,293.34,4.9,295.38151
Kraken,btc_eur,8958.2,1601622545.779669,8957.8,0.205,8958.2,0.00173701,8948.79407
Kraken,eth_usd,343.65,1601622549.346076,343.64,5.39656192,343.65,6.6,345.97326
Kraken,btc_eur,8957.9,1601622549.958434,8957.8,1.20036058,8957.9,0.38111264,8948.79565
Kraken,btc_eur,8957.9,1601622553.907266,8957.8,3.65536058,8957.9,0.35330798,8948.79605
Kraken,btc_eur,8957.9,1601622555.378906,8957.8,4.05536058,8957.9,0.13768985,8948.79913
Kraken,btc_eur,8958.0,1601622558.609937,8957.9,3.47460837,8958.0,0.68660747,8948.79953
Kraken,eth_usd,343.65,1601622559.350249,343.64,5.39656192,343.65,5.999,345.97319
Kraken,btc_eur,8958.0,1601622559.827724,8957.9,3.60933837,8958.0,0.66428106,8948.79986
Kraken,eth_eur,293.08,1601622562.250735,293.08,29.5811312,293.09,11.71114561,295.38133
Kraken,btc_eur,8958.5,1601622563.098307,8958.4,2.0,8958.5,0.69755028,8948.80011
Kraken,btc_eur,8958.5,1601622563.159503,8958.4,2.0,8958.5,0.69279628,8948.80019
Kraken,eth_eur,293.01,1601622565.503359,293.01,4.13007879,293.08,11.71114561,295.37847
Kraken,eth_usd,343.65,1601622569.454145,343.59,0.21656192,343.65,7.78478326,345.97314
Kraken,eth_eur,293.05,1601622571.88777,293.04,3.68672,293.05,21.50518349,295.37838
Kraken,eth_usd,343.6,1601622579.164479,343.59,30.21656192,343.6,24.61415411,345.97308
Kraken,eth_eur,293.02,1601622585.085008,293.01,4.13007879,293.02,83.38910713,295.37612
Kraken,btc_eur,8958.5,1601622585.599759,8958.4,0.00669762,8958.5,4.13096036,8948.80055
Kraken,btc_eur,8958.5,1601622586.051838,8958.4,0.00669762,8958.5,4.16667133,8948.80089
Kraken,btc_usd,10505.1,1601622588.051624,10505.1,0.47894011,10505.2,6.3675781,10515.68468
Kraken,eth_eur,293.02,1601622589.131785,293.01,4.13007879,293.02,96.80378873,295.37609
Kraken,eth_usd,343.49,1601622589.415585,343.47,6.215,343.49,21.89468721,345.97303
Kraken,eth_usd,343.45,1601622596.370675,343.45,18.8959177,343.46,10.91893152,345.97279
Kraken,btc_eur,8958.5,1601622596.604781,8958.4,0.00669762,8958.5,6.09509313,8948.80198
Kraken,btc_eur,8957.8,1601622597.728202,8957.8,0.5600082,8958.5,6.09509313,8948.80406
Kraken,eth_usd,343.46,1601622599.417302,343.45,18.8959177,343.46,10.31793152,345.9727
Kraken,eth_eur,293.02,1601622600.514127,293.01,4.13007879,293.02,80.70739201,295.37605
Kraken,btc_eur,8957.8,1601622600.905037,8957.8,0.53007557,8957.9,3.94470422,8948.80449
Kraken,btc_eur,8957.9,1601622601.210714,8957.8,0.53007557,8957.9,3.80043271,8948.80655
Kraken,btc_usd,10505.1,1601622601.942185,10505.1,0.33794011,10505.2,5.81032394,10515.68342
Kraken,eth_usd,343.46,1601622602.759885,343.45,53.09825946,343.55,2.8750137,345.97134
Kraken,eth_usd,343.68,1601622605.200929,343.67,42.32469681,343.68,4.26918531,345.97131
Kraken,btc_eur,8958.5,1601622605.312609,8958.5,0.01662999,8958.9,0.13768985,8948.80684
Kraken,btc_eur,8958.1,1601622607.103329,8958.1,0.69808728,8958.9,0.71433156,8948.80687
Kraken,btc_eur,8958.9,1601622607.228111,8958.1,0.69808728,8958.9,0.6872142,8948.8073
Kraken,btc_eur,8958.1,1601622607.337325,8958.1,0.69503749,8958.9,0.6872142,8948.80734
Kraken,btc_eur,8958.1,1601622607.35386,8958.1,0.6918413,8958.9,0.6872142,8948.80739
Kraken,btc_eur,8958.1,1601622607.438162,8958.1,0.65188894,8958.9,0.6872142,8948.80797
Kraken,eth_usd,343.68,1601622609.44187,343.67,45.10877911,343.68,3.86918531,345.97126
Kraken,btc_eur,8958.9,1601622623.263821,8957.9,0.0861581,8958.9,0.47065735,8948.81156
Kraken,eth_eur,293.2,1601622626.875274,293.16,21.84117848,293.2,3.0921267,295.37473
Kraken,eth_usd,343.68,1601622629.45483,343.66,0.21656192,343.68,10.32018531,345.97119
Kraken,btc_eur,8958.2,1601622631.010243,8958.2,0.225,8959.9,0.0051786,8948.81304
Kraken,btc_eur,8958.5,1601622640.802,8957.9,0.31461904,8958.5,1.04972109,8948.8138
Kraken,eth_usd,343.67,1601622640.83019,343.66,21.84190244,343.68,10.32018531,345.96982
Kraken,btc_usd,10505.2,1601622640.847202,10505.1,0.33794011,10505.2,5.30348474,10515.68339
Kraken,btc_eur,8958.2,1601622643.264686,8957.9,0.25,8958.2,0.38405404,8948.81411
Kraken,btc_eur,8957.9,1601622651.999976,8957.8,0.53007557,8957.9,1.4968231,8948.81422
Kraken,eth_usd,343.74,1601622653.994673,343.67,29.96152203,343.74,9.02985545,345.96582
Kraken,btc_eur,8958.5,1601622656.818533,8957.8,0.53007557,8958.5,0.79670163,8948.81506
Kraken,btc_eur,8958.4,1601622658.38693,8957.8,2.53007557,8958.4,0.174161,8948.8153
Kraken,btc_eur,8957.9,1601622663.443209,8957.9,0.03929474,8958.5,0.13768985,8948.81566
Kraken,btc_eur,8957.9,1601622663.751129,8957.9,0.03399474,8958.9,2.71450763,8948.81574
Kraken,btc_eur,8958.8,1601622665.220586,8958.1,0.225,8958.8,0.57468562,8948.81582
Kraken,btc_eur,8957.0,1601622666.287899,8957.8,0.00111782,8959.7,0.71452358,8948.86502
Kraken,btc_eur,8958.8,1601622673.080505,8958.8,0.03713644,8959.8,0.03647588,8948.86545
Kraken,btc_eur,8958.7,1601622673.862578,8958.7,0.42661885,8959.6,0.03647588,8948.87044
Kraken,btc_eur,8958.7,1601622674.635339,8958.7,0.25193876,8959.6,0.03647588,8948.87312
Kraken,btc_eur,8959.0,1601622677.777411,8958.0,0.71438493,8959.0,0.00781049,8948.87357
Kraken,btc_eur,8959.1,1601622678.222664,8958.0,0.71438493,8959.1,2.61735462,8948.8739
Kraken,btc_usd,10505.1,1601622679.193599,10505.1,0.30094011,10505.2,4.55922474,10515.68307
Kraken,btc_usd,10505.1,1601622686.87388,10505.1,0.29674011,10505.2,4.95922474,10515.68303
Kraken,btc_eur,8957.1,1601622689.427389,8957.1,0.0588984,8958.6,0.01823794,8948.87397
Kraken,btc_eur,8957.8,1601622691.474411,8957.2,0.25,8957.8,0.00710343,8948.87412
Kraken,eth_eur,293.4,1601622691.735425,293.39,3.68672,293.4,13.05203373,295.37465
Kraken,btc_usd,10505.1,1601622693.226813,10505.1,0.2949063,10505.2,4.90622474,10515.68301
Kraken,btc_eur,8957.8,1601622694.032409,8957.8,0.23890364,8957.9,0.71436324,8948.87776
Kraken,eth_eur,293.4,1601622697.330366,293.39,3.68672,293.4,13.01812689,295.37465
Kraken,eth_usd,343.8,1601622699.646749,343.79,87.97798057,343.8,2.069877,345.96578
Kraken,btc_eur,8957.4,1601622701.98318,8957.0,0.08624972,8957.4,1.9600586,8948.87846
Kraken,btc_usd,10505.1,1601622704.166052,10505.1,0.1529063,10505.2,5.43922474,10515.68175
Kraken,eth_usd,343.8,1601622708.842981,343.79,142.48123226,343.8,7.7e-05,345.96553
Kraken,eth_usd,343.89,1601622708.843513,343.79,142.48123226,343.89,7.7e-05,345.96475
Kraken,eth_usd,343.99,1601622709.652113,343.96,0.21656192,343.99,1.78249531,345.9647
Kraken,btc_eur,8958.2,1601622711.396819,8957.0,0.08624972,8958.2,1.89666834,8948.88005
Kraken,btc_usd,10505.2,1601622712.303788,10505.1,0.5529063,10505.2,10.26218508,10515.68119
Kraken,btc_usd,10505.2,1601622718.457653,10505.1,0.001,10505.2,14.8486656,10515.68115
Kraken,eth_usd,343.87,1601622718.669305,343.8,0.21656192,343.87,43.34057102,345.96466
Kraken,btc_eur,8957.1,1601622723.264658,8957.0,0.08624972,8957.1,5.0327654,8948.88042
Kraken,eth_eur,293.22,1601622723.569477,293.2,1.0,293.22,10.59085791,295.37269
Kraken,btc_eur,8957.0,1601622724.058516,8957.0,0.07210972,8957.1,5.0327654,8948.8806
Kraken,btc_usd,10505.2,1601622724.930477,10505.1,0.001,10505.2,18.13171368,10515.6804
Kraken,btc_eur,8957.1,1601622726.290982,8957.0,0.07210972,8957.1,4.66057938,8948.88426
Kraken,btc_eur,8953.6,1601622729.31206,8953.6,0.05303374,8957.1,5.06057938,8948.88526
Kraken,btc_eur,8957.1,1601622729.661664,8954.0,2.0,8957.1,3.92840763,8948.91823
Kraken,eth_usd,343.8,1601622729.666511,343.79,4.804,343.8,67.50299999,345.96459
Kraken,btc_eur,8957.1,1601622729.96671,8954.0,2.0,8957.1,3.10804938,8948.91832
Kraken,eth_eur,293.21,1601622730.624817,293.2,1.0,293.21,10.77172,295.37268
Kraken,eth_eur,293.2,1601622732.722718,293.05,4.85,293.21,12.86365938,295.37242
Kraken,btc_eur,8955.1,1601622734.466698,8955.1,0.00339343,8957.1,3.10804938,8948.9189
Kraken,btc_eur,8955.2,1601622734.832139,8955.2,0.03342208,8956.9,0.4,8948.92481
Kraken,btc_eur,8954.8,1601622735.626458,8954.8,0.08982569,8956.6,0.13768985,8948.93141
Kraken,btc_eur,8956.4,1601622737.081236,8954.1,0.0646629,8956.4,0.814,8948.93142
Kraken,btc_eur,8954.0,1601622739.409082,8954.0,1.9711529,8956.4,0.814,8948.93216
Kraken,eth_usd,343.8,1601622739.74911,343.79,4.804,343.8,98.84638805,345.96454
Kraken,btc_usd,10505.2,1601622739.772449,10505.1,0.001,10505.2,18.10957359,10515.68037
Kraken,btc_eur,8955.4,1601622743.058187,8954.4,0.71459566,8955.4,1.88837978,8948.93328
Kraken,btc_eur,8955.8,1601622744.885478,8954.4,0.90489434,8955.8,0.74315427,8948.93436
Kraken,btc_eur,8954.4,1601622745.258685,8954.4,0.85539434,8955.7,0.845,8948.93478
Kraken,eth_usd,343.79,1601622748.944216,343.79,0.004,343.8,98.84638805,345.96398
Kraken,eth_usd,343.79,1601622749.330047,343.73,0.05,343.8,98.84638805,345.96398
Kraken,eth_usd,343.76,1601622749.683183,343.73,0.05,343.76,0.14816788,345.96393
Kraken,btc_eur,8955.0,1601622750.892679,8955.0,0.10662854,8955.1,1.45971797,8948.93483
Kraken,btc_usd,10498.5,1601622751.515222,10498.5,0.259,10505.2,19.96728682,10515.67833
Kraken,btc_eur,8955.0,1601622755.230658,8955.0,0.08306854,8955.1,3.8786355,8948.93505
Kraken,btc_eur,8955.0,1601622755.263721,8953.0,0.00558472,8955.1,3.8786355,8948.93583
Kraken,btc_eur,8954.0,1601622755.388761,8953.0,0.00558472,8954.0,0.25183016,8948.94673
Kraken,eth_usd,343.74,1601622759.693843,343.73,0.05,343.74,97.48528041,345.96388
Kraken,btc_eur,8950.4,1601622760.110805,8950.4,0.46168948,8953.5,2.11457518,8948.94709
Kraken,btc_eur,8953.5,1601622765.356436,8952.3,0.4,8953.5,4.09131518,8948.94725
Kraken,btc_eur,8952.6,1601622765.746535,8952.6,0.03365941,8954.0,0.25183016,8948.94727
Kraken,eth_usd,343.74,1601622768.6631,343.73,0.55878096,343.74,80.43762343,345.96381
Kraken,btc_eur,8954.0,1601622768.689645,8953.2,2.0,8954.0,0.2282409,8948.94745
Kraken,btc_eur,8954.0,1601622769.847036,8953.3,0.03506764,8954.0,0.20489917,8948.94763
Kraken,eth_usd,343.74,1601622769.895332,343.73,0.55878096,343.74,80.03762343,345.96377
Kraken,btc_eur,8954.0,1601622770.78934,8953.9,0.53506764,8954.0,0.17629074,8948.94786
Kraken,btc_eur,8953.9,1601622770.861941,8953.9,0.4394316,8954.0,0.17629074,8948.94859
Kraken,btc_eur,8953.9,1601622771.814902,8953.9,0.43445305,8954.0,0.17629074,8948.94863
Kraken,btc_usd,10496.2,1601622775.832395,10496.2,0.73,10496.3,0.06094112,10515.67016
Kraken,btc_eur,8952.6,1601622778.801884,8952.6,0.02095764,8954.0,0.57629074,8948.94871
Kraken,btc_eur,8951.2,1601622780.104631,8951.2,0.39844,8953.8,2.0,8948.9494
Kraken,eth_usd,343.73,1601622780.291801,343.73,0.001,343.74,95.24159781,345.96376
Kraken,eth_usd,343.74,1601622780.311501,343.73,0.001,343.74,94.64059781,345.96369
Kraken,btc_usd,10496.1,1601622781.31212,10496.1,0.42200686,10496.2,1.66381421,10515.66974
Kraken,eth_usd,343.73,1601622782.231296,343.73,0.50978096,343.74,75.8591091,345.96007
Kraken,btc_eur,8954.0,1601622783.059092,8953.9,2.72741073,8954.0,0.16044774,8948.94953
Kraken,btc_usd,10498.4,1601622786.769962,10498.4,0.36889011,10500.3,0.014,10515.66929
Kraken,btc_eur,8953.9,1601622787.447562,8953.9,1.24825846,8954.0,0.16044774,8948.94976
Kraken,btc_eur,8953.9,1601622788.752553,8953.9,0.11903715,8954.0,0.16044774,8948.95022
Kraken,btc_eur,8953.9,1601622789.356001,8953.9,0.43836257,8954.0,0.16044774,8948.95065
Kraken,eth_usd,343.56,1601622789.775642,343.55,13.2159177,343.56,1.78620391,345.96002
Kraken,btc_eur,8955.8,1601622791.309722,8953.9,0.43836257,8955.8,0.68452457,8948.95221
Kraken,eth_usd,343.56,1601622791.752129,343.5,3.5,343.56,5.91687179,345.95718
Kraken,btc_eur,8954.0,1601622792.33484,8954.0,0.6406,8955.4,0.4,8948.95232
Kraken,btc_usd,10498.0,1601622792.673001,10497.9,0.52196521,10498.6,1.11472947,10515.66862
Kraken,btc_eur,8953.5,1601622793.273385,8953.5,0.01007569,8955.4,0.4,8948.95817
Kraken,btc_eur,8955.4,1601622796.014715,8953.3,0.06467484,8955.4,0.35,8948.95866
Kraken,btc_eur,8953.3,1601622796.848549,8953.3,0.23106605,8954.6,2.0,8948.95882
Kraken,btc_eur,8954.3,1601622797.918494,8953.2,1.0,8954.3,1.76662,8948.96074
Kraken,eth_usd,343.3,1601622797.997486,343.3,3.77386471,343.51,18.9461028,345.95437
Kraken,btc_eur,8953.2,1601622801.780569,8953.2,0.96208716,8953.7,0.00846323,8948.96099
Kraken,btc_usd,10498.2,1601622804.731038,10498.1,0.001,10498.2,1.9533611,10515.66812
Kraken,eth_eur,293.03,1601622805.537935,293.02,5.0,293.03,60.34580966,295.37214
Kraken,btc_usd,10498.2,1601622806.662362,10498.1,0.53255587,10498.2,1.00843544,10515.66481
Kraken,btc_eur,8953.3,1601622806.813006,8953.3,1.970191,8955.1,0.71478651,8948.96118
Kraken,btc_eur,8953.3,1601622807.264393,8953.3,2.02078664,8953.4,0.17377011,8948.96128
Kraken,btc_eur,8953.2,1601622813.84792,8953.2,0.95057704,8954.5,0.00846323,8948.96135
Kraken,eth_usd,343.46,1601622818.757836,343.42,13.72469866,343.46,6.222,345.95434
Kraken,btc_usd,10498.2,1601622821.419751,10498.1,0.001,10498.2,1.02247958,10515.6575
Kraken,btc_eur,8953.5,1601622822.613503,8953.5,0.05047035,8953.9,0.00846323,8948.96178
Kraken,btc_eur,8953.5,1601622827.179032,8953.5,0.04110413,8953.6,2.64109526,8948.96185
Kraken,eth_usd,343.42,1601622829.767838,343.39,0.50878096,343.42,22.00630307,345.95425
Kraken,btc_eur,8953.5,1601622833.759555,8953.5,0.02909383,8953.6,3.03152543,8948.96193
Kraken,btc_usd,10498.2,1601622834.104418,10498.1,0.001,10498.2,2.77032539,10515.64288
Kraken,btc_eur,8953.2,1601622838.30708,8953.2,0.85614887,8953.6,3.74639193,8948.96275
Kraken,btc_eur,8953.2,1601622839.07851,8953.2,0.846786,8953.4,0.00846323,8948.96281
Kraken,eth_usd,343.49,1601622839.764769,343.46,0.50878096,343.49,1.78666638,345.9542
Kraken,eth_usd,343.48,1601622842.158515,343.43,0.50878096,343.48,22.40302715,345.95417
Kraken,btc_eur,8953.2,1601622844.281344,8953.2,0.832286,8953.3,0.69346323,8948.9629
Kraken,btc_usd,10494.5,1601622846.807517,10494.5,0.33251903,10498.2,3.41657247,10515.60779
Kraken,btc_eur,8953.2,1601622846.902846,8953.2,0.824376,8953.3,0.83115308,8948.96296
Kraken,btc_eur,8953.2,1601622847.659319,8953.2,0.821946,8953.3,1.54603028,8948.96297
Kraken,btc_eur,8953.3,1601622847.672605,8953.2,0.821946,8953.3,1.54263028,8948.96299
Kraken,eth_eur,293.01,1601622849.761663,293.01,4.42781586,293.03,50.4041933,295.36975
Kraken,btc_usd,10496.3,1601622852.312847,10494.6,0.59542975,10496.3,0.42970248,10515.59125
Kraken,btc_eur,8953.2,1601622853.160361,8953.2,0.29496195,8953.3,2.22121735,8948.96642
Kraken,eth_usd,343.5,1601622853.787651,343.49,6.40878096,343.5,29.9506506,345.95412
Kraken,btc_eur,8953.3,1601622860.271353,8953.2,0.29496195,8953.3,2.30995611,8948.96645
Kraken,btc_eur,8953.3,1601622860.730261,8953.2,0.29496195,8953.3,2.28685349,8948.96661
Kraken,btc_eur,8953.3,1601622861.202454,8953.2,0.29496195,8953.3,1.86589491,8948.96675
Kraken,eth_usd,343.49,1601622861.800971,343.48,0.50878096,343.49,8.14819443,345.95407
Kraken,btc_eur,8953.3,1601622864.723858,8953.2,0.29496195,8953.3,1.84918532,8948.96686
Kraken,eth_usd,343.48,1601622869.803549,343.47,43.72469866,343.48,0.149,345.95399
Kraken,eth_usd,343.62,1601622877.586179,343.5,35.77,343.62,7.17152314,345.94442
Kraken,eth_usd,343.61,1601622878.216537,343.51,0.50878096,343.61,29.84222784,345.9444
Kraken,eth_usd,343.52,1601622878.929211,343.51,0.50878096,343.52,6.6,345.94435
Kraken,btc_usd,10495.3,1601622886.830346,10495.3,0.50342956,10496.1,0.4,10515.58995
Kraken,eth_eur,293.03,1601622887.545958,293.01,4.42781586,293.04,141.35267306,295.36927
Kraken,eth_eur,293.01,1601622888.163891,293.0,33.9584998,293.02,67.71142935,295.36801
Kraken,eth_usd,343.31,1601622890.041971,343.29,90.676833,343.31,1.93738312,345.94429
Kraken,eth_eur,293.0,1601622891.978904,293.0,33.8584998,293.01,155.74513301,295.36798
Kraken,eth_eur,293.0,1601622891.994895,293.0,31.8244998,293.01,155.74513301,295.36739
Kraken,eth_eur,293.0,1601622891.999463,293.0,31.7244998,293.01,155.74513301,295.36737
Kraken,eth_eur,293.0,1601622893.946804,293.0,21.7244998,293.01,154.72557325,295.36451
Kraken,eth_usd,343.21,1601622894.07256,343.2,3.5,343.21,40.08769233,345.94283
Kraken,eth_eur,293.0,1601622894.739888,293.0,15.52040029,293.01,138.87116885,295.36274
Kraken,eth_usd,343.42,1601622894.900353,343.38,6.20409951,343.42,16.34425543,345.9408
Kraken,eth_usd,343.4,1601622896.483752,343.39,0.65744884,343.4,15.65583575,345.93995
Kraken,btc_usd,10489.5,1601622897.418758,10489.5,0.80402763,10489.6,2.0,10515.58912
Kraken,btc_eur,8953.3,1601622902.910881,8953.2,0.29496195,8953.3,5.59462776,8948.96689
Kraken,btc_eur,8953.3,1601622905.387814,8953.2,0.29496195,8953.3,5.08229398,8948.96764
Kraken,btc_eur,8953.3,1601622906.123372,8953.2,0.29496195,8953.3,7.07180947,8948.96771
Kraken,btc_eur,8953.2,1601622907.06415,8953.2,0.26746972,8953.3,7.08027271,8948.96789
Kraken,btc_eur,8953.2,1601622907.512544,8953.2,0.24250227,8953.3,7.08027271,8948.96805
Kraken,eth_usd,343.33,1601622907.801222,343.33,8.87336654,343.36,19.67672632,345.93926
Kraken,eth_usd,343.36,1601622909.834832,343.34,0.32872442,343.36,19.22372632,345.93919
Kraken,eth_eur,293.0,1601622910.126293,293.0,14.30496938,293.01,195.32947162,295.36239
Kraken,btc_usd,10489.6,1601622910.735441,10489.5,1.74507321,10489.6,1.0,10515.56743
Kraken,btc_eur,8949.3,1601622915.079595,8949.3,0.03562189,8953.2,4.50934374,8948.96965
Kraken,btc_eur,8949.1,1601622915.949905,8949.1,3.44348402,8951.6,0.615,8948.9697
Kraken,btc_usd,10490.0,1601622916.224059,10490.0,0.79374236,10490.1,2.0,10515.56713
Kraken,eth_usd,343.38,1601622919.117569,343.37,1.52872442,343.38,32.4,345.93911
Kraken,btc_usd,10490.1,1601622919.145629,10490.0,0.225,10490.1,3.46666056,10515.56683
Kraken,eth_eur,293.0,1601622921.478639,293.0,14.79339292,293.01,90.0624233,295.36225
Kraken,eth_eur,293.0,1601622922.251673,293.0,0.05395778,293.01,78.35127769,295.35806
Kraken,btc_eur,8949.2,1601622925.041816,8949.1,4.59348402,8949.2,2.57346324,8948.96972
Kraken,btc_eur,8949.1,1601622925.676111,8949.1,4.11239702,8949.2,2.57346324,8948.96981
Kraken,btc_usd,10489.6,1601622926.906896,10489.2,0.001,10489.6,1.63121338,10515.54497
Kraken,btc_eur,8949.2,1601622928.421049,8949.1,4.11239702,8949.2,2.57135324,8948.96981
Kraken,btc_usd,10488.3,1601622928.805359,10488.3,0.15534,10489.3,1.10504884,10515.54384
Kraken,eth_eur,292.89,1601622929.12232,292.89,13.50801347,292.98,89.07325939,295.35308
Kraken,eth_usd,343.38,1601622929.851433,343.37,1.52872442,343.38,31.78153553,345.93906
Kraken,btc_usd,10487.7,1601622931.874275,10487.7,0.26387386,10488.8,0.7153247,10515.54323
Kraken,btc_usd,10488.3,1601622935.011128,10487.7,0.26387386,10488.3,0.07032724,10515.52042
Kraken,btc_usd,10488.3,1601622938.082963,10487.8,0.59149693,10489.1,0.03076166,10515.51883
Kraken,btc_usd,10488.8,1601622939.179339,10488.8,0.79809022,10488.9,0.02512956,10515.51772
Kraken,btc_eur,8949.1,1601622939.436209,8949.1,3.96862911,8949.2,3.01286274,8948.96981
Kraken,btc_eur,8949.2,1601622940.451946,8949.1,3.96862911,8949.2,3.00735946,8948.96981
Kraken,btc_eur,8949.2,1601622940.643197,8949.1,3.96862911,8949.2,2.99679246,8948.96982
Kraken,btc_usd,10488.9,1601622944.357352,10488.8,6.53178943,10488.9,2.8327,10515.49556
Kraken,eth_usd,343.52,1601622949.913855,343.51,97.65852537,343.52,1.626,345.93901
Kraken,btc_eur,8949.2,1601622952.958351,8949.1,8.20058514,8949.2,0.4173524,8948.96983
Kraken,btc_eur,8949.2,1601622953.978373,8949.1,8.20058514,8949.2,0.38973309,8948.96984
Kraken,btc_eur,8949.2,1601622954.025223,8949.1,8.20058514,8949.2,0.36260619,8948.96985
Kraken,btc_eur,8949.2,1601622954.553454,8949.1,8.20058514,8949.2,0.33853792,8948.96986
Kraken,btc_usd,10492.8,1601622955.539744,10492.7,0.33557,10492.8,1.0,10515.47669
Kraken,btc_eur,8949.2,1601622959.604004,8949.1,9.39112184,8949.2,0.31086804,8948.96986
Kraken,eth_eur,293.0,1601622963.76591,292.99,76.73172546,293.0,188.10634586,295.35247
Kraken,eth_usd,343.52,1601622963.95605,343.51,117.49876048,343.52,1.60441854,345.939
Kraken,btc_usd,10496.0,1601622963.989321,10496.0,4.12669672,10496.1,2.349,10515.47651
Kraken,btc_usd,10496.1,1601622963.998797,10496.0,4.62669672,10496.1,2.346663,10515.47647
Kraken,eth_usd,343.52,1601622964.68645,343.51,117.49876048,343.52,1.58173903,345.939
Kraken,btc_usd,10496.0,1601622964.806583,10496.0,5.5501817,10496.1,2.34116816,10515.47642
Kraken,btc_usd,10496.1,1601622964.807964,10496.0,5.5501817,10496.1,2.33736221,10515.47636
Kraken,eth_usd,343.52,1601622965.97642,343.51,117.49876048,343.52,1.51699466,345.93899
Kraken,btc_usd,10496.1,1601622966.041296,10496.0,5.05326714,10496.1,2.35888595,10515.47627
Kraken,btc_usd,10496.0,1601622966.187996,10496.0,4.54709625,10496.1,2.35888595,10515.47617
Kraken,btc_eur,8949.2,1601622966.259762,8949.1,10.5517912,8949.2,0.29133882,8948.96987
Kraken,btc_usd,10496.1,1601622966.902906,10496.0,4.55326714,10496.1,2.3564176,10515.47613
Kraken,eth_usd,343.52,1601622967.700803,343.51,117.49876048,343.52,1.41705183,345.93898
Kraken,btc_usd,10496.0,1601622968.365286,10496.0,4.55002664,10496.1,2.33768876,10515.47608
Kraken,btc_usd,10496.0,1601622969.234209,10496.0,4.55121018,10496.1,2.37417267,10515.47605
Kraken,eth_usd,343.51,1601622969.849244,343.51,116.89377701,343.52,1.41705183,345.9389
Kraken,btc_usd,10496.0,1601622970.610846,10496.0,3.63278191,10496.1,2.37417267,10515.47599
Kraken,btc_eur,8949.1,1601622974.07032,8949.1,9.86623885,8949.2,0.29133882,8948.96992
Kraken,btc_eur,8949.1,1601622974.841811,8949.1,9.48906216,8949.2,0.29133882,8948.97
Kraken,eth_eur,292.99,1601622975.596229,292.99,79.56030896,293.0,188.10634586,295.35244
Kraken,btc_eur,8949.2,1601622981.860002,8949.1,9.48906216,8949.2,0.28119556,8948.97
Kraken,btc_eur,8949.1,1601622981.947569,8949.1,9.37607216,8949.2,0.28119556,8948.97003
Kraken,btc_eur,8949.2,1601622982.828395,8949.1,9.37607216,8949.2,0.2482594,8948.97004
Kraken,btc_eur,8949.2,1601622984.782603,8949.1,9.37607216,8949.2,0.2332594,8948.97004
Kraken,btc_eur,8949.1,1601622986.393241,8949.1,9.35894216,8949.2,0.2332594,8948.97005
Kraken,eth_eur,292.99,1601622989.721394,292.99,74.56030896,293.0,188.10634586,295.35102
Kraken,btc_eur,8949.2,1601622996.717318,8949.1,9.35894216,8949.2,0.15510125,8948.97007
Kraken,btc_eur,8949.2,1601622997.706976,8949.1,9.35894216,8949.2,0.11700525,8948.97009
Kraken,btc_usd,10496.0,1601623001.045888,10496.0,0.08624072,10496.1,6.68823872,10515.47535
Kraken,btc_usd,10496.0,1601623001.116168,10496.0,0.08262967,10496.1,6.68823872,10515.47529
Kraken,btc_eur,8949.1,1601623005.287354,8949.1,9.34953584,8949.2,0.11700525,8948.97009
Kraken,btc_eur,8949.2,1601623005.331509,8949.1,9.34953584,8949.2,0.10752148,8948.97009
Kraken,btc_eur,8949.2,1601623010.642099,8949.1,9.34953584,8949.2,0.10473518,8948.97009
Kraken,btc_eur,8949.1,1601623012.635468,8949.1,7.04953584,8949.2,0.10473518,8948.97055
Kraken,btc_usd,10496.1,1601623012.995962,10496.0,0.08262967,10496.1,4.94095872,10515.46917
Kraken,eth_usd,343.63,1601623015.702603,343.51,105.42103536,343.63,6.07333062,345.93704
Kraken,btc_eur,8949.1,1601623018.041771,8949.1,6.96414555,8949.2,0.10473518,8948.97056
Kraken,btc_eur,8949.1,1601623018.88701,8949.1,5.99716873,8949.2,0.10473518,8948.97075
Kraken,eth_usd,343.47,1601623021.949497,343.47,35.87336654,343.54,0.32872442,345.93664
Kraken,btc_eur,8949.1,1601623023.348671,8949.1,3.53551297,8949.2,0.90473518,8948.97076
Kraken,btc_eur,8949.2,1601623026.054969,8949.1,3.53551297,8949.2,0.84900916,8948.97077
Kraken,btc_eur,8950.5,1601623028.519968,8949.1,3.64504297,8950.5,0.39328314,8948.97081
Kraken,eth_eur,293.0,1601623032.424355,292.99,103.60380951,293.0,187.10634586,295.35074
Kraken,eth_eur,293.0,1601623032.458658,292.99,88.60380951,293.0,185.40428658,295.35026
Kraken,eth_eur,293.0,1601623032.951163,292.99,103.60380951,293.0,183.48456918,295.34971
Kraken,btc_eur,8953.7,1601623038.627474,8953.6,0.5,8953.7,2.54634461,8948.971
Kraken,btc_eur,8953.7,1601623039.053228,8953.6,0.5,8953.7,2.52260388,8948.97117
Kraken,btc_eur,8953.7,1601623039.506164,8953.6,0.5,8953.7,2.49829084,8948.97135
Kraken,btc_eur,8953.7,1601623039.940011,8953.6,0.5,8953.7,2.55263752,8948.9715
Kraken,btc_eur,8953.6,1601623045.035055,8952.6,0.75,8953.6,2.6045269,8948.97157
Kraken,btc_eur,8953.5,1601623045.796365,8952.7,0.03647588,8953.5,0.55927398,8948.97195
Kraken,btc_eur,8953.3,1601623047.123823,8953.3,0.02008094,8953.4,0.575,8948.97206
Kraken,btc_usd,10496.0,1601623052.71919,10496.0,0.00607231,10496.1,9.66210456,10515.46793
Kraken,eth_usd,343.54,1601623053.214107,343.5,6.20209096,343.54,26.03522329,345.93656
Kraken,btc_eur,8953.0,1601623054.315897,8953.0,0.00827841,8953.3,0.55,8948.97218
Kraken,eth_eur,293.0,1601623055.015095,292.99,82.84450512,293.0,183.41309526,295.34969
Kraken,eth_usd,343.54,1601623055.149097,343.53,11.56209096,343.54,18.40428163,345.93648
Kraken,eth_eur,293.0,1601623060.962991,292.99,83.84410512,293.0,182.77495035,295.34951
Kraken,btc_eur,8953.3,1601623061.007049,8953.0,0.25827841,8953.3,0.94708,8948.9722
Kraken,btc_usd,10496.0,1601623068.009072,10490.2,0.125,10496.1,10.7440549,10515.46783
Kraken,btc_eur,8952.4,1601623069.882213,8952.4,0.71840496,8953.3,0.54708,8948.97228
Kraken,btc_eur,8953.2,1601623075.635061,8952.5,0.01073673,8953.2,0.28056556,8948.97231
Kraken,btc_eur,8954.1,1601623079.522938,8952.8,0.26073673,8954.1,0.15002356,8948.98043
Kraken,eth_usd,343.54,1601623080.105339,343.53,6.20209096,343.54,25.38414174,345.93648
Kraken,btc_eur,8954.0,1601623080.912153,8953.0,0.01073673,8954.0,1.98799836,8948.98052
Kraken,btc_eur,8954.4,1601623083.124153,8953.4,0.01073673,8954.4,0.11657896,8948.98061
Kraken,eth_eur,293.0,1601623083.576479,292.99,77.69763375,293.0,188.52244221,295.34932
Kraken,btc_eur,8953.2,1601623089.280553,8953.1,0.71527745,8953.2,0.01298861,8948.98127
Kraken,eth_eur,293.0,1601623091.279835,292.99,0.9996,293.0,234.0767517,295.3493
Kraken,eth_eur,293.0,1601623095.421004,292.99,1.49381177,293.0,174.52641141,295.34466
Kraken,btc_eur,8953.2,1601623098.558571,8953.1,0.72601418,8953.2,0.23298861,8948.98131
Kraken,btc_eur,8953.2,1601623098.771581,8953.1,0.72601418,8953.2,0.12181552,8948.98202
Kraken,btc_eur,8954.5,1601623100.775924,8953.5,0.86573673,8954.5,1.9972286,8948.98204
Kraken,eth_eur,293.0,1601623103.555987,292.99,0.9996,293.0,204.35703438,295.34462
Kraken,btc_eur,8954.6,1601623106.631399,8954.6,0.33677566,8954.8,2.00148073,8948.98207
Kraken,eth_eur,293.0,1601623110.648129,292.99,0.9996,293.0,204.18345895,295.34457
Kraken,eth_eur,293.0,1601623111.148195,292.99,0.9996,293.0,204.14907736,295.34456
Kraken,btc_eur,8954.9,1601623111.696262,8954.6,0.355,8954.9,0.14959275,8948.98252
Kraken,eth_eur,293.0,1601623123.779789,292.99,23.35385429,293.0,212.78457298,295.34348
Kraken,btc_usd,10489.9,1601623124.612927,10489.1,0.64431876,10489.9,5.47091722,10515.45717
Kraken,eth_usd,343.39,1601623125.311289,343.31,42.64209096,343.39,4.440938,345.93613
Kraken,btc_eur,8954.9,1601623131.928702,8954.9,0.54883662,8955.0,0.529,8948.98312
Kraken,btc_eur,8955.0,1601623132.520911,8954.9,0.54883662,8955.0,0.50749139,8948.98331
Kraken,btc_eur,8955.0,1601623132.99781,8954.9,0.54883662,8955.0,0.4840327,8948.98353
Kraken,btc_eur,8955.0,1601623133.431442,8954.9,0.54883662,8955.0,0.45667533,8948.98378
Kraken,btc_eur,8955.0,1601623133.896222,8954.9,0.54883662,8955.0,0.42940043,8948.98403
Kraken,btc_eur,8954.9,1601623134.392539,8954.9,0.51464497,8955.0,0.42940043,8948.98433
Kraken,btc_eur,8954.9,1601623136.652573,8954.9,0.48505868,8955.0,2.42940043,8948.9846
Kraken,eth_usd,343.32,1601623138.588497,343.3,0.32872442,343.32,19.35416058,345.93332
Kraken,btc_eur,8955.0,1601623146.190832,8954.8,1.67508,8955.0,0.67535097,8948.98468
Kraken,btc_usd,10489.8,1601623146.898935,10489.8,0.06144051,10489.9,6.04538953,10515.45714
Kraken,btc_eur,8955.0,1601623147.091764,8954.8,1.67508,8955.0,0.65949197,8948.98483
Kraken,btc_usd,10489.8,1601623148.241742,10489.7,0.68,10489.8,0.37054724,10515.45707
Kraken,eth_eur,293.0,1601623149.659167,292.99,23.55385429,293.0,172.47285298,295.34347
Kraken,btc_eur,8955.0,1601623150.609967,8954.8,1.67508,8955.0,0.63668968,8948.98504
Kraken,eth_usd,343.31,1601623150.830444,343.3,24.9578708,343.31,1.526,345.93052
Kraken,btc_eur,8954.8,1601623155.697753,8954.8,1.67354822,8954.9,0.255,8948.98505
Kraken,btc_eur,8954.8,1601623156.013049,8954.8,1.66374022,8954.9,0.255,8948.98514
Kraken,btc_eur,8954.8,1601623156.865132,8954.8,1.66274022,8954.9,0.99595204,8948.98514
Kraken,btc_eur,8954.9,1601623159.653892,8954.8,1.66274022,8954.9,0.16906914,8948.98615
Kraken,btc_usd,10489.9,1601623160.515582,10489.8,0.57,10489.9,5.48410988,10515.45579
Kraken,btc_eur,8955.0,1601623161.477485,8954.8,1.66274022,8955.3,0.099,8948.99114
Kraken,eth_usd,343.29,1601623164.667407,343.29,59.02555742,343.31,47.83739677,345.92602
Kraken,eth_usd,343.29,1601623165.153359,343.29,0.10866179,343.3,52.93739677,345.91778
Kraken,btc_usd,10488.2,1601623165.218702,10488.2,0.02117319,10488.3,0.07382241,10515.45485
Kraken,btc_eur,8955.0,1601623167.891732,8955.0,0.44740399,8955.1,0.72817412,8948.99116
Kraken,btc_eur,8955.0,1601623168.632897,8955.0,0.34740399,8955.1,0.72817412,8948.99207
Kraken,btc_eur,8955.6,1601623173.629241,8955.1,0.52,8955.6,0.00067734,8948.99219
Kraken,eth_eur,293.0,1601623180.252087,292.99,0.69421177,293.0,207.20857298,295.34347
Kraken,btc_eur,8955.7,1601623182.663696,8955.6,0.26,8955.7,0.42,8948.99301
Kraken,btc_eur,8955.6,1601623185.571223,8955.6,0.13016,8955.7,0.42,8948.99431
Kraken,btc_usd,10488.1,1601623193.11336,10488.1,4.92731877,10488.2,7.2624,10515.45371
Kraken,btc_eur,8957.0,1601623196.582375,8955.6,2.13016,8957.0,0.86664789,8949.01003
Kraken,btc_usd,10488.1,1601623196.820155,10488.1,3.42731877,10488.2,7.2624,10515.41967
Kraken,eth_eur,293.0,1601623199.380527,292.99,0.69421177,293.0,207.05857298,295.34343
Kraken,eth_usd,343.23,1601623205.54114,343.22,6.03772875,343.23,18.50396581,345.91761
Kraken,btc_eur,8956.6,1601623206.820292,8956.6,0.70526559,8957.6,53.77329965,8949.01049
Kraken,eth_usd,343.23,1601623208.419228,343.22,6.03772875,343.23,18.48382592,345.9176
Kraken,btc_usd,10488.1,1601623209.804034,10488.1,4.00508128,10488.2,7.2624,10515.41854
Kraken,eth_eur,292.99,1601623217.215154,292.99,20.89421669,293.0,207.05857298,295.34268
Kraken,btc_eur,8959.0,1601623224.795001,8958.1,0.01485121,8959.0,0.97646519,8949.01085
Kraken,btc_eur,8959.3,1601623225.271148,8958.2,0.45,8959.3,0.80708139,8949.01092
Kraken,btc_eur,8959.3,1601623225.547218,8958.2,0.45,8959.3,0.70708139,8949.01247
Kraken,btc_eur,8959.3,1601623225.703724,8958.3,0.01485121,8959.3,0.68417644,8949.01283
Kraken,btc_eur,8959.3,1601623226.146194,8958.3,0.01485121,8959.3,0.68032923,8949.01289
Kraken,btc_eur,8958.2,1601623227.15551,8958.2,0.64490848,8959.3,0.68032923,8949.01386
Kraken,eth_usd,343.22,1601623227.183069,343.21,0.16436221,343.22,45.35562014,345.91546
Kraken,btc_usd,10488.2,1601623227.645502,10488.1,4.48195817,10488.2,7.2564,10515.4184
Kraken,btc_eur,8959.8,1601623229.521568,8959.0,2.0074256,8959.8,0.98816342,8949.01406
Kraken,btc_eur,8959.9,1601623231.074407,8959.0,0.2574256,8959.9,2.01014645,8949.02565
Kraken,btc_eur,8959.1,1601623233.233835,8959.1,0.60247628,8959.8,2.0,8949.02568
Kraken,btc_usd,10488.2,1601623235.632222,10488.1,4.48195817,10488.2,7.24640001,10515.41818
Kraken,eth_eur,292.99,1601623236.85629,292.98,3.22419355,292.99,64.62607659,295.3414
Kraken,btc_eur,8960.1,1601623246.406917,8960.1,2.2053456,8960.2,0.51,8949.02656
Kraken,btc_usd,10488.2,1601623247.170041,10488.1,5.70921562,10488.2,6.54640001,10515.40238
Kraken,eth_usd,343.21,1601623251.306953,343.21,9.82221342,343.22,5.19156222,345.91532
Kraken,btc_eur,8960.0,1601623262.521522,8959.9,0.05547,8960.0,0.49889533,8949.02674
Kraken,btc_eur,8959.9,1601623262.605812,8959.9,0.04469826,8960.0,0.49889533,8949.02692
Kraken,btc_usd,10488.2,1601623262.646193,10488.1,7.28195817,10488.2,6.53529534,10515.40213
Kraken,btc_eur,8958.7,1601623263.76765,8958.7,0.23469826,8960.0,0.49889533,8949.02787
Kraken,btc_eur,8960.0,1601623265.22179,8958.8,0.35,8960.0,2.38723336,8949.02972
Kraken,btc_usd,10488.2,1601623265.387028,10488.1,7.29579479,10488.2,6.42363337,10515.39961
Kraken,btc_eur,8960.0,1601623265.954063,8958.9,0.365,8960.0,2.33723336,8949.03055
Kraken,btc_usd,10488.2,1601623266.087106,10488.1,7.30682118,10488.2,6.37363337,10515.39848
Kraken,btc_eur,8958.9,1601623270.276105,8958.9,2.285,8959.0,0.51,8949.03174
Kraken,btc_eur,8959.0,1601623270.276709,8958.9,0.285,8959.0,0.4922823,8949.03201
Kraken,btc_usd,10488.2,1601623270.277068,10488.1,7.28195817,10488.2,6.35591567,10515.39808
Kraken,eth_usd,343.22,1601623279.518741,343.21,9.98657563,343.22,10.11688832,345.91321
Kraken,btc_eur,8958.2,1601623287.624819,8958.2,0.44,8958.9,0.03276307,8949.03208
Kraken,btc_eur,8958.4,1601623295.256743,8958.2,2.44,8958.4,0.03077307,8949.03211
Kraken,btc_eur,8959.4,1601623295.932424,8958.2,2.44,8959.4,0.01649904,8949.03346
Kraken,btc_eur,8958.3,1601623296.097594,8958.2,2.57473,8958.3,0.49287538,8949.0337
Kraken,btc_usd,10488.2,1601623296.226047,10488.1,9.48395817,10488.2,6.33879105,10515.3977
Kraken,btc_eur,8958.3,1601623296.447899,8958.2,3.07473,8958.3,0.14367087,8949.03858
Kraken,btc_usd,10488.2,1601623296.574767,10488.1,9.48395817,10488.2,5.98958654,10515.38983
Kraken,eth_usd,343.27,1601623300.528543,343.26,9.89657563,343.27,5.64132491,345.91302
Kraken,eth_eur,292.99,1601623300.597074,292.98,25.58422811,292.99,52.61336183,295.34124
Kraken,eth_usd,343.27,1601623309.243777,343.26,9.89657563,343.27,7.43252143,345.91296
Kraken,btc_usd,10496.9,1601623319.436167,10496.9,2.36022205,10497.0,0.27371,10515.38968
Kraken,btc_usd,10497.0,1601623323.131843,10496.9,2.37481281,10497.0,0.00371,10515.38557
Kraken,btc_usd,10497.0,1601623324.313159,10496.9,2.33526095,10499.1,0.03076166,10515.38551
Kraken,btc_usd,10499.6,1601623324.47392,10499.0,0.33557,10499.6,5.26394997,10515.38319
Kraken,btc_eur,8962.7,1601623324.921422,8962.6,4.92116684,8962.7,0.00116449,8949.0386
Kraken,btc_eur,8967.1,1601623330.326211,8964.1,0.72385868,8967.1,4.897565,8949.07008
Kraken,eth_eur,292.99,1601623330.753713,292.98,25.09001634,292.99,55.90190239,295.34014
Kraken,btc_eur,8967.0,1601623332.263594,8964.3,0.00941561,8967.0,0.04510452,8949.07014
Kraken,btc_eur,8967.0,1601623332.754839,8964.9,0.71445871,8967.0,0.02250136,8949.07075
Kraken,btc_eur,8966.6,1601623333.179662,8965.0,0.00941561,8966.6,1.97882788,8949.07131
Kraken,btc_eur,8964.9,1601623333.661659,8964.9,0.62862586,8966.5,0.02919781,8949.07358
Kraken,btc_eur,8964.9,1601623333.970243,8964.9,0.33399754,8966.6,1.97882788,8949.08059
Kraken,eth_usd,343.27,1601623334.814741,343.25,0.16436221,343.27,19.66005059,345.91296
Kraken,btc_eur,8965.4,1601623340.044182,8964.1,0.71444307,8965.4,1.29590316,8949.09786
Kraken,btc_eur,8965.0,1601623344.983858,8965.0,0.36053884,8966.2,2.71454686,8949.09809
Kraken,eth_eur,292.98,1601623359.701088,292.98,29.61494753,292.99,49.53731715,295.33789
Kraken,btc_usd,10499.6,1601623365.809051,10499.5,22.45192087,10499.6,4.81394997,10515.38253
Kraken,eth_usd,343.23,1601623370.692679,343.22,90.97275725,343.23,2.78,345.91293
Kraken,btc_eur,8967.1,1601623373.982456,8966.6,2.0,8967.1,4.89143146,8949.09825
Kraken,eth_usd,343.23,1601623377.613501,343.22,129.69311926,343.23,1.60814556,345.91276
Kraken,btc_usd,10502.6,1601623378.237487,10502.5,0.83557,10502.6,1.94935204,10515.38194
Kraken,btc_eur,8967.2,1601623379.482688,8967.2,2.502531,8967.3,48.56006047,8949.10185
Kraken,eth_eur,292.99,1601623390.192053,292.98,83.82074837,292.99,12.66257357,295.33788
Kraken,btc_eur,8969.6,1601623390.441623,8969.5,0.13473,8969.6,0.70204706,8949.10223
Kraken,eth_usd,343.48,1601623391.295303,343.22,160.28193655,343.48,11.87477383,345.9108
Kraken,btc_eur,8969.6,1601623391.471557,8969.5,0.13473,8969.6,0.70095443,8949.10226
Kraken,btc_eur,8968.0,1601623392.711884,8968.0,2.45158994,8969.6,0.70095443,8949.11384
Kraken,btc_eur,8969.5,1601623395.269117,8969.5,0.12973,8969.6,0.70095443,8949.11399
Kraken,btc_usd,10503.4,1601623397.785013,10503.4,1.833742,10503.5,0.49994108,10515.38192
Kraken,btc_eur,8969.1,1601623408.317496,8969.0,2.37973,8969.1,0.71017078,8949.11412
Kraken,btc_eur,8969.5,1601623411.789347,8969.5,1.997559,8970.3,0.1986,8949.11419
Kraken,btc_eur,8970.3,1601623415.171319,8969.5,1.997559,8970.3,0.1216,8949.11664
Kraken,eth_eur,292.99,1601623416.915079,292.98,129.49761738,292.99,0.00682618,295.33761
Kraken,eth_usd,343.55,1601623417.071255,343.55,34.29697385,343.56,2.0,345.91068
Kraken,btc_eur,8971.3,1601623419.379047,8970.2,0.13473,8971.3,6.36264379,8949.12766
Kraken,eth_eur,292.99,1601623426.810957,292.98,121.67074836,293.0,161.118642,295.33761
Kraken,btc_eur,8971.8,1601623429.358546,8971.2,0.71402334,8971.8,36.32017901,8949.13531
Kraken,btc_eur,8971.8,1601623429.70211,8971.2,5.46402334,8971.8,36.31681113,8949.13542
Kraken,btc_eur,8971.8,1601623430.145105,8971.2,5.46402334,8971.8,36.2976498,8949.13607
Kraken,eth_eur,293.0,1601623430.251293,292.99,173.42509876,293.0,151.118642,295.33482
Kraken,eth_usd,343.55,1601623430.364254,343.55,39.60197385,343.56,2.0,345.90943
Kraken,eth_eur,293.0,1601623430.564125,292.99,178.74822975,293.0,141.118642,295.33204
Kraken,btc_eur,8971.8,1601623430.581365,8971.2,5.46402334,8971.8,36.27583777,8949.13681
Kraken,eth_usd,343.55,1601623430.764675,343.55,5.46936221,343.56,2.0,345.90819
Kraken,eth_eur,293.0,1601623430.851271,292.99,189.42509876,293.0,131.118642,295.32927
Kraken,eth_usd,343.5,1601623430.97887,343.5,17.31552379,343.56,2.0,345.90693
Kraken,eth_eur,293.0,1601623431.146167,292.99,178.74822975,293.0,121.118642,295.3265
Kraken,btc_eur,8971.8,1601623431.290266,8971.2,5.46402334,8971.8,36.25317891,8949.13758
Kraken,eth_usd,343.52,1601623431.290798,343.52,11.84494667,343.56,2.0,345.90567
Kraken,eth_eur,293.0,1601623431.456693,292.99,189.42509876,293.0,111.118642,295.32374
Kraken,eth_usd,343.52,1601623431.58521,343.52,1.84494667,343.56,2.0,345.9044
Kraken,btc_eur,8971.5,1601623431.710652,8971.3,0.25,8971.5,0.70826782,8949.13778
Kraken,eth_eur,293.0,1601623431.749038,292.99,181.59822974,293.0,101.118642,295.32099
Kraken,eth_usd,343.5,1601623431.876127,343.5,9.16047046,343.56,2.0,345.90314
Kraken,eth_eur,293.0,1601623432.04957,292.99,181.59822974,293.0,92.86266931,295.31872
Kraken,btc_eur,8971.4,1601623432.137065,8971.4,1.06591799,8971.5,0.70826782,8949.13892
Kraken,eth_usd,343.5,1601623432.182719,343.5,0.90449777,343.56,2.0,345.90209
Kraken,btc_eur,8971.4,1601623432.565272,8971.4,2.93806001,8971.5,0.70826782,8949.14318
Kraken,btc_eur,8971.4,1601623433.003519,8971.4,2.92065543,8971.5,0.70826782,8949.14376
Kraken,btc_eur,8971.4,1601623433.080545,8971.4,2.91565543,8971.5,0.70826782,8949.14393
Kraken,btc_eur,8971.5,1601623436.389607,8971.4,0.91565543,8971.5,0.65894686,8949.14559
Kraken,btc_eur,8971.4,1601623441.181445,8971.4,3.19308051,8971.5,0.65894686,8949.14823
Kraken,btc_eur,8971.5,1601623444.84598,8971.4,0.2218909,8971.5,3.12165274,8949.16743
Kraken,btc_eur,8971.2,1601623453.907422,8971.2,2.52042919,8971.5,3.29453659,8949.18239
Kraken,btc_eur,8971.2,1601623454.625398,8971.2,2.33439269,8971.3,2.71620588,8949.18852
Kraken,btc_eur,8971.0,1601623457.220133,8971.0,1.28189093,8971.1,2.23590483,8949.20125
Kraken,btc_eur,8971.1,1601623460.09479,8971.0,1.28189093,8971.1,2.77520788,8949.20143
Kraken,btc_eur,8971.1,1601623460.291182,8971.0,1.28189093,8971.1,2.77554483,8949.20161
Kraken,btc_eur,8971.1,1601623462.265755,8971.0,1.28189093,8971.1,5.35053199,8949.20187
Kraken,btc_usd,10501.3,1601623463.794725,10501.3,0.09507561,10503.5,3.35642261,10515.38181
Kraken,eth_usd,343.29,1601623468.355279,343.22,40.02555337,343.29,19.65654109,345.90209
Kraken,btc_eur,8971.1,1601623470.793801,8971.0,1.28189093,8971.1,4.35753725,8949.20205
Kraken,btc_eur,8971.1,1601623471.621447,8971.0,1.28189093,8971.1,6.36110725,8949.20211
Kraken,eth_eur,293.0,1601623472.23238,292.99,52.50511939,293.0,122.24492187,295.31855
Kraken,eth_eur,292.99,1601623476.348468,292.99,24.94122908,293.0,92.24492187,295.31375
Kraken,btc_usd,10499.6,1601623479.942608,10499.6,0.37283357,10500.8,0.35305322,10515.36997
Kraken,btc_eur,8971.1,1601623481.425222,8971.0,1.68189093,8971.1,5.07241835,8949.20222
Kraken,btc_eur,8971.1,1601623498.004907,8971.0,1.28189093,8971.1,6.86008762,8949.20934
Kraken,btc_eur,8971.1,1601623500.499733,8971.0,1.28189093,8971.1,6.97865231,8949.2095
Kraken,eth_eur,293.0,1601623505.103812,292.99,19.04913728,293.0,122.20592187,295.31374
Kraken,btc_eur,8971.1,1601623506.834356,8971.0,1.28189093,8971.1,6.97309332,8949.20968
Kraken,btc_eur,8971.1,1601623507.020664,8971.0,1.28189093,8971.1,6.96309332,8949.21001
Kraken,btc_usd,10499.6,1601623507.177018,10499.6,0.87262886,10499.7,0.75700015,10515.36345
Kraken,btc_eur,8971.0,1601623509.288458,8971.0,1.22912367,8971.1,6.96309332,8949.21172
Kraken,btc_usd,10500.8,1601623509.655398,10499.6,0.4726291,10500.8,0.83117895,10515.34213
Kraken,btc_eur,8971.0,1601623510.335252,8971.0,3.37903446,8971.1,7.42555652,8949.21222
Kraken,btc_usd,10499.1,1601623514.876903,10498.6,1.90482,10499.1,0.23850986,10515.33574
Kraken,btc_eur,8971.0,1601623515.205292,8971.0,2.93873153,8971.1,7.40731858,8949.22655
Kraken,btc_usd,10501.3,1601623519.586371,10499.9,1.14050107,10501.3,0.56510736,10515.32988
Kraken,btc_usd,10501.5,1601623523.521842,10500.5,0.71,10501.5,0.39641307,10515.32416
Kraken,btc_usd,10501.3,1601623524.275167,10500.5,0.71,10501.3,0.28992628,10515.31864
Kraken,btc_eur,8971.0,1601623525.44559,8971.0,2.92580353,8971.1,6.00731858,8949.22697
Kraken,eth_usd,343.25,1601623526.055989,343.24,30.0,343.25,3.46448347,345.90207
Kraken,btc_eur,8971.1,1601623529.379561,8971.0,2.95780353,8971.1,6.59989684,8949.22711
Kraken,btc_eur,8971.1,1601623529.81337,8971.0,2.95780353,8971.1,6.17572346,8949.2279
Kraken,btc_eur,8971.1,1601623530.244078,8971.0,2.95780353,8971.1,6.15118169,8949.2287
Kraken,btc_usd,10500.3,1601623530.469543,10499.3,0.75261692,10500.3,0.42026636,10515.31273
Kraken,btc_eur,8971.0,1601623530.664746,8971.0,2.94403787,8971.1,6.15118169,8949.22915
Kraken,btc_eur,8971.1,1601623539.078415,8971.0,2.94403787,8971.1,5.14053991,8949.28711
Kraken,eth_eur,293.0,1601623547.765823,292.99,33.48581706,293.0,72.20592187,295.30015
Kraken,btc_usd,10500.1,1601623549.594824,10499.2,0.71450605,10500.1,0.1692,10515.30927
Kraken,btc_usd,10500.3,1601623551.401429,10499.3,0.305,10500.3,0.69523848,10515.30903
Kraken,eth_eur,293.0,1601623568.54334,292.99,75.48585196,293.0,42.17592187,295.30014
Kraken,btc_usd,10501.2,1601623570.708907,10501.1,2.25888372,10501.2,0.00263793,10515.30887
Kraken,btc_eur,8971.1,1601623574.815001,8971.0,3.31227581,8971.1,2.07297471,8949.28771
Kraken,btc_eur,8971.0,1601623575.566655,8971.0,3.30727581,8971.1,2.31797471,8949.28788
Kraken,eth_eur,293.0,1601623577.035682,292.99,65.48585196,293.0,41.98960714,295.30009
Kraken,btc_eur,8971.0,1601623586.854562,8971.0,2.65361092,8971.1,3.86868165,8949.29711
Kraken,btc_eur,8971.0,1601623588.410875,8971.0,2.4316349,8971.1,3.86868165,8949.30428
Kraken,eth_eur,293.0,1601623593.814078,292.99,65.66409196,293.0,31.98960714,295.2974
Kraken,eth_usd,343.24,1601623594.950276,343.23,89.13763001,343.24,2.97986011,345.90206
Kraken,btc_eur,8971.1,1601623599.502093,8971.0,2.4316349,8971.1,3.88183048,8949.30486
Kraken,btc_eur,8971.1,1601623601.914788,8971.0,2.4316349,8971.1,3.87247391,8949.30517
Kraken,eth_usd,343.36,1601623601.996878,343.23,89.13763001,343.36,0.87296011,345.90108
Kraken,btc_eur,8971.0,1601623614.4323,8971.0,2.42979935,8971.1,3.44018202,8949.30523
Kraken,btc_eur,8971.1,1601623614.54493,8971.0,2.42979935,8971.1,3.43588053,8949.30537
Kraken,btc_eur,8971.1,1601623614.983077,8971.0,2.42979935,8971.1,3.43272819,8949.30547
Kraken,eth_eur,293.0,1601623615.094036,292.99,76.32265581,293.0,31.63391537,295.2973
Kraken,btc_eur,8971.1,1601623615.419183,8971.0,2.42979935,8971.1,3.3784946,8949.30621
Kraken,btc_eur,8971.1,1601623615.857278,8971.0,2.82979935,8971.1,1.35737791,8949.3069
Kraken,btc_eur,8971.0,1601623616.296233,8971.0,3.2087946,8971.1,1.57733062,8949.30865
Kraken,eth_usd,343.37,1601623616.643111,343.36,61.62235273,343.37,1.34143202,345.90099
Kraken,eth_usd,343.37,1601623617.10565,343.36,76.36235273,343.37,0.6824237,345.9009
Kraken,btc_usd,10503.4,1601623621.070418,10500.9,3.84540024,10503.4,4.6614,10515.30788
Kraken,btc_usd,10504.2,1601623621.513906,10504.1,0.33557,10504.2,0.35242338,10515.30696
Kraken,btc_usd,10504.7,1601623621.675825,10504.4,0.33557,10504.7,0.12826,10515.30608
Kraken,eth_eur,292.99,1601623621.804755,292.99,58.66409196,293.0,31.63391537,295.29541
Kraken,btc_usd,10504.4,1601623621.988998,10504.3,0.33557,10504.4,0.03263491,10515.30518
Kraken,btc_usd,10504.8,1601623622.350259,10504.3,0.82453862,10504.8,4.74658488,10515.30431
Kraken,btc_usd,10504.7,1601623622.646342,10504.6,0.77975409,10504.7,0.03274178,10515.30343
Kraken,btc_usd,10504.8,1601623623.395785,10504.6,1.85989652,10504.8,4.69814825,10515.30256
Kraken,btc_usd,10504.8,1601623624.136933,10504.7,1.51057,10504.8,4.61038705,10515.3017
Kraken,btc_usd,10504.8,1601623624.438615,10504.7,1.51057,10504.8,4.49814825,10515.30083
Kraken,btc_usd,10504.8,1601623624.966141,10504.7,1.51057,10504.8,4.39814825,10515.29997
Kraken,btc_eur,8971.1,1601623625.265128,8971.0,5.8435246,8971.1,0.12863707,8949.30901
Kraken,btc_usd,10504.8,1601623625.746104,10504.7,1.51057,10504.8,4.29814825,10515.2991
Kraken,eth_usd,343.45,1601623626.23554,343.45,26.47910023,343.46,0.60498347,345.9009
Kraken,btc_usd,10504.8,1601623626.370061,10504.7,1.51057,10504.8,4.22979608,10515.29824
Kraken,btc_usd,10504.8,1601623627.00409,10504.7,1.51057,10504.8,4.20407799,10515.29802
Kraken,eth_eur,293.0,1601623633.639716,292.99,42.48585196,293.0,29.61467501,295.29486
Kraken,eth_usd,343.45,1601623633.756998,343.45,41.36485987,343.46,0.60498347,345.90064
Kraken,btc_eur,8971.8,1601623634.889956,8971.8,2.15555279,8971.9,0.71410687,8949.30935
Kraken,btc_eur,8974.2,1601623642.137212,8971.9,1.1,8974.2,0.64706132,8949.32841
Kraken,eth_eur,293.0,1601623642.526256,292.99,126.18128368,293.0,15.05497789,295.29096
Kraken,eth_eur,293.0,1601623642.622235,292.99,155.68128368,293.0,0.49528077,295.28706
Kraken,eth_eur,293.0,1601623642.728791,292.99,155.68128368,293.18,5.0,295.28693
Kraken,btc_usd,10505.0,1601623643.916108,10505.0,5.30422394,10505.1,0.5295,10515.29547
Kraken,eth_eur,293.2,1601623646.603139,293.19,81.17630801,293.2,31.27307182,295.28645
Kraken,btc_eur,8978.5,1601623648.951329,8978.4,3.70796794,8978.5,0.49434479,8949.32909
Kraken,btc_usd,10505.1,1601623649.080513,10505.0,10.53422394,10505.1,0.51384479,10515.29534
Kraken,eth_eur,293.2,1601623649.58021,293.19,95.51317702,293.2,30.34407182,295.28622
Kraken,btc_usd,10512.6,1601623650.18335,10505.0,11.2001834,10512.6,0.15384478,10515.2884
Kraken,btc_usd,10514.4,1601623651.827222,10513.6,0.45715478,10514.4,0.3,10515.28833
Kraken,btc_eur,8979.9,1601623651.94529,8979.8,0.51823794,8979.9,0.74450827,8949.33671
Kraken,eth_eur,293.2,1601623652.218771,293.19,84.83630801,293.2,18.10920684,295.28325
Kraken,btc_usd,10514.4,1601623652.469533,10513.6,0.45715478,10514.4,0.2,10515.28825
Kraken,btc_usd,10514.4,1601623652.768296,10513.7,0.33557,10514.4,0.15406103,10515.28822
Kraken,btc_eur,8979.9,1601623652.943544,8979.8,2.51823794,8979.9,0.71287133,8949.33675
Kraken,eth_eur,293.2,1601623654.515504,293.19,98.27145981,293.2,17.90766971,295.2832
Kraken,eth_usd,343.68,1601623654.982145,343.68,54.28484958,343.7,0.60498347,345.90061
Kraken,btc_usd,10519.7,1601623659.306867,10517.3,1.93449662,10519.7,0.03980039,10515.28895
Kraken,eth_eur,293.2,1601623659.644943,293.19,114.68376881,293.2,0.05571269,295.27887
Kraken,btc_eur,8980.0,1601623660.229898,8979.9,3.75296794,8980.0,0.29580278,8949.33703
Kraken,btc_eur,8981.9,1601623660.245948,8979.9,3.75296794,8981.9,0.62019924,8949.35507
Kraken,btc_eur,8981.9,1601623664.747312,8981.8,2.63473,8981.9,0.59820491,8949.35613
Kraken,eth_eur,293.5,1601623664.916812,293.46,23.81209559,293.5,3.8142438,295.27824
Kraken,btc_eur,8981.9,1601623668.016765,8981.8,2.63473,8981.9,0.58747475,8949.35665
Kraken,btc_eur,8981.9,1601623670.491947,8981.8,3.02973,8981.9,0.5037328,8949.3607
Kraken,btc_eur,8981.8,1601623670.961725,8981.8,2.95973,8981.9,0.5037328,8949.36408
Kraken,btc_usd,10518.4,1601623670.964769,10518.4,0.88057,10518.5,1.58689474,10515.28946
Kraken,eth_eur,293.5,1601623673.802309,293.49,4.74,293.5,34.00452489,295.27752
Kraken,btc_eur,8979.9,1601623674.982571,8979.9,0.01323794,8980.2,1.08046974,8949.3643
Kraken,btc_usd,10514.3,1601623678.483064,10514.2,0.33557,10514.3,0.16187941,10515.28916
Kraken,btc_usd,10514.3,1601623679.428867,10514.2,0.33557,10514.3,0.06187941,10515.28908
Kraken,btc_usd,10514.4,1601623679.722747,10514.2,0.51057,10514.4,0.96187941,10515.289
Kraken,btc_usd,10515.6,1601623680.469078,10515.0,0.33557,10515.6,0.17390168,10515.28901
Kraken,eth_eur,293.46,1601623681.418706,293.46,5.48515748,293.5,24.52245952,295.27685
Kraken,btc_eur,8977.1,1601623685.133366,8977.0,3.53473,8977.1,0.14384974,8949.36453
Kraken,btc_eur,8977.9,1601623687.971429,8977.8,2.63473,8977.9,0.12903793,8949.36527
Kraken,btc_eur,8977.9,1601623693.832774,8977.8,4.13473,8977.9,0.10080587,8949.36571
Kraken,eth_eur,293.52,1601623702.038229,293.51,38.17382589,293.52,0.42408282,295.27681
Kraken,btc_eur,8979.6,1601623703.635928,8979.5,3.75323057,8979.6,0.78526897,8949.36701
Kraken,btc_eur,8979.6,1601623704.091943,8979.5,3.61850057,8979.6,0.78028589,8949.36723
Kraken,btc_eur,8979.6,1601623704.550435,8979.5,3.61850057,8979.6,0.75761565,8949.36825
Kraken,btc_usd,10515.6,1601623704.93434,10515.5,4.73146763,10515.6,0.17205129,10515.28901
Kraken,eth_usd,343.79,1601623709.678233,343.79,107.64146975,343.8,3.5,345.90061
Kraken,btc_usd,10515.5,1601623710.088373,10515.5,3.51809932,10515.6,0.20739795,10515.28903
Kraken,btc_eur,8979.6,1601623713.063393,8979.5,2.535,8979.6,0.65761565,8949.37274
Kraken,btc_eur,8979.6,1601623714.366623,8979.5,3.16973,8979.6,0.65661565,8949.37279
Kraken,btc_eur,8979.6,1601623715.111997,8979.5,5.18823057,8979.6,0.65329964,8949.37294
Kraken,btc_eur,8979.6,1601623719.784515,8979.5,3.00973,8979.6,0.54143606,8949.37343
Kraken,btc_eur,8979.6,1601623721.985309,8979.5,3.00973,8979.6,0.53398678,8949.37377
Kraken,btc_eur,8979.6,1601623722.13398,8979.5,3.00973,8979.6,0.63092398,8949.37394
Kraken,eth_usd,343.8,1601623722.521332,343.79,107.64146975,343.8,3.47986011,345.9006
Kraken,btc_eur,8979.5,1601623723.013144,8979.5,2.30473,8979.6,0.63092398,8949.40545
Kraken,btc_eur,8979.7,1601623725.202484,8979.5,2.30473,8979.7,0.52460187,8949.44215
Kraken,eth_eur,293.52,1601623726.339504,293.51,4.22999999,293.52,42.85917685,295.27677
Kraken,btc_eur,8979.7,1601623727.363958,8979.0,1.69573,8979.7,2.88147287,8949.44706
Kraken,eth_eur,293.44,1601623733.368299,293.43,33.05188243,293.44,0.07174966,295.2767
Kraken,eth_eur,293.44,1601623733.687039,293.43,3.68672,293.44,29.11714966,295.2765
Kraken,btc_eur,8979.0,1601623735.625737,8979.0,1.68977,8979.1,1.8819083,8949.44732
Kraken,eth_eur,293.48,1601623736.222996,293.44,0.24710589,293.48,11.64689637,295.27648
Kraken,btc_eur,8979.1,1601623736.500827,8979.0,1.68977,8979.1,1.8772383,8949.44753
Kraken,eth_usd,343.8,1601623740.721415,343.79,27.86487263,343.8,118.28211325,345.90055
Kraken,btc_eur,8979.0,1601623741.11171,8979.0,3.53177,8979.1,48.44920766,8949.46144
Kraken,eth_usd,343.79,1601623741.158486,343.79,24.88287263,343.8,133.06462419,345.90022
Kraken,btc_eur,8979.0,1601623741.910563,8979.0,2.73177,8979.1,50.65020764,8949.49639
Kraken,btc_usd,10507.2,1601623741.959299,10507.2,0.8142676,10510.5,0.23984107,10515.28773
Kraken,btc_eur,8979.1,1601623742.225629,8979.0,2.73177,8979.1,50.56335093,8949.50019
Kraken,btc_eur,8979.1,1601623742.250704,8979.0,2.73177,8979.1,50.51335093,8949.50238
Kraken,btc_usd,10507.2,1601623742.838171,10507.2,0.67686392,10509.6,0.08850589,10515.28641
Kraken,eth_usd,343.79,1601623743.467058,343.79,19.88287263,343.8,141.54506172,345.89966
Kraken,btc_eur,8979.0,1601623743.664723,8979.0,1.42637,8979.1,50.54585093,8949.55921
Kraken,btc_eur,8979.1,1601623744.179237,8979.0,1.42410165,8979.1,50.33010582,8949.56882
Kraken,btc_eur,8979.0,1601623745.023347,8979.0,1.38475506,8979.1,55.62763874,8949.57053
Kraken,btc_usd,10505.4,1601623745.143325,10504.0,0.06261154,10505.4,0.16065341,10515.28609
Kraken,eth_usd,343.79,1601623745.202314,343.79,16.89987263,343.8,150.29532192,345.89933
Kraken,btc_eur,8979.0,1601623745.304109,8979.0,1.34020423,8979.1,55.59435093,8949.57246
Kraken,btc_usd,10505.3,1601623745.441599,10504.0,0.06261154,10505.3,0.19529024,10515.28573
Kraken,eth_eur,293.24,1601623745.991278,293.23,6.61631517,293.24,10.78099911,295.27412
Kraken,btc_eur,8979.1,1601623746.084643,8979.0,1.34020423,8979.1,54.58324292,8949.57295
Kraken,eth_usd,343.79,1601623746.12578,343.79,6.89987263,343.8,143.32907138,345.89822
Kraken,eth_eur,293.24,1601623746.298596,293.23,10.30303517,293.24,0.78099911,295.27176
Kraken,eth_eur,293.28,1601623746.593285,293.24,2.41623277,293.28,29.21913404,295.27158
Kraken,eth_usd,343.43,1601623746.702954,343.43,18.75114588,343.8,143.32907138,345.89705
Kraken,eth_usd,343.43,1601623747.024232,343.43,17.97027992,343.5,0.60498347,345.89695
Kraken,btc_eur,8979.1,1601623749.579631,8979.0,1.34020423,8979.1,59.82729491,8949.57773
Kraken,btc_eur,8979.1,1601623752.846511,8979.0,1.34020423,8979.1,59.45154654,8949.57824
Kraken,btc_eur,8979.0,1601623752.888134,8979.0,1.22652423,8979.1,59.45154654,8949.58317
Kraken,eth_eur,293.26,1601623757.495809,293.25,3.75,293.26,52.53305508,295.27154
Kraken,btc_eur,8979.0,1601623758.461931,8978.0,0.01113834,8979.1,60.1887665,8949.66001
Kraken,eth_eur,293.24,1601623764.3447,293.23,7.29,293.24,6.00060454,295.27135
Kraken,eth_eur,293.24,1601623765.39238,293.23,7.29,293.24,23.47272262,295.27134
Kraken,btc_eur,8978.1,1601623765.509036,8978.0,0.01113834,8978.1,7.88641203,8949.66906
Kraken,btc_usd,10504.0,1601623767.203178,10503.9,0.133,10504.0,0.00923214,10515.28369
Kraken,btc_eur,8978.1,1601623767.287556,8978.0,0.01113834,8978.1,10.24997414,8949.67365
Kraken,eth_eur,293.28,1601623774.95754,293.23,7.29,293.28,10.68082174,295.24138
Kraken,btc_eur,8978.0,1601623776.577656,8974.2,0.04656772,8978.1,9.95241214,8949.67411
Kraken,eth_eur,293.23,1601623781.375379,293.23,12.69564877,293.24,13.44172,295.24119
Kraken,btc_eur,8974.3,1601623782.41647,8974.2,0.05697622,8974.3,1.38642913,8949.78224
Kraken,eth_eur,293.24,1601623782.739887,293.23,12.69564877,293.25,6.94419823,295.23813
Kraken,btc_eur,8974.3,1601623784.665777,8974.3,0.498,8974.4,0.72323848,8949.78231
Kraken,btc_usd,10504.1,1601623785.094357,10504.0,12.72244804,10504.1,0.09529024,10515.28277
Kraken,btc_usd,10504.1,1601623785.582499,10504.0,12.62244804,10504.1,0.06185252,10515.28246
Kraken,btc_eur,8974.4,1601623785.680281,8974.2,0.05697622,8974.4,0.71593844,8949.78257
Kraken,btc_usd,10506.8,1601623785.99869,10504.0,12.65890644,10506.8,0.67602754,10515.28163
Kraken,btc_usd,10506.8,1601623786.299469,10504.1,1.1,10506.8,0.64255096,10515.2814
Kraken,eth_eur,293.25,1601623786.372142,293.24,36.55828,293.25,2.4338428,295.23812
Kraken,eth_eur,293.24,1601623788.804897,293.24,38.20392854,293.25,13.5838428,295.23781
Kraken,btc_eur,8974.3,1601623789.986217,8974.2,0.06353287,8974.3,0.77020728,8949.78345
Kraken,btc_eur,8974.3,1601623790.398136,8974.2,0.06353287,8974.3,0.74691692,8949.78428
Kraken,btc_usd,10505.7,1601623791.914514,10505.1,0.133,10505.7,0.53416403,10515.27998
Kraken,eth_eur,293.25,1601623792.310028,293.24,38.20392854,293.25,10.55190483,295.2378
Kraken,btc_usd,10505.2,1601623796.118705,10505.2,0.045,10505.7,0.53416403,10515.27833
Kraken,eth_eur,293.25,1601623796.670239,293.24,44.41048104,293.25,7.3618307,295.23776
Kraken,btc_eur,8974.3,1601623801.717091,8974.2,0.06353287,8974.3,3.69023535,8949.78632
Kraken,eth_eur,293.26,1601623804.037187,293.25,16.6565525,293.26,2.12719418,295.23774
Kraken,btc_eur,8974.3,1601623805.293461,8974.2,0.06353287,8974.3,1.68581139,8949.78648
Kraken,btc_eur,8974.2,1601623806.040039,8974.2,0.06734725,8974.3,1.68581139,8949.78665
Kraken,btc_eur,8974.3,1601623807.510756,8974.2,0.06734725,8974.3,3.68411339,8949.78672
Kraken,btc_eur,8974.2,1601623807.939964,8974.2,0.03399972,8974.3,3.68411339,8949.78791
Kraken,eth_eur,293.25,1601623810.171696,293.25,8.6365525,293.26,2.12719418,295.23763
Kraken,eth_eur,293.27,1601623810.559931,293.25,8.6365525,293.27,3.40232243,295.2361
Kraken,btc_eur,8974.3,1601623814.198011,8974.2,0.04251315,8974.3,5.28743653,8949.78826
Kraken,btc_eur,8974.3,1601623817.894409,8974.2,0.04251315,8974.3,5.26443653,8949.78909
Kraken,btc_usd,10504.0,1601623819.659417,10504.0,9.49665831,10505.3,2.70721579,10515.27198
Kraken,btc_usd,10504.6,1601623822.629333,10504.5,0.133,10504.6,1.51429968,10515.27023
Kraken,btc_eur,8971.0,1601623828.362359,8971.0,0.86843416,8974.3,4.51284109,8949.79934
Kraken,eth_eur,293.3,1601623828.628973,293.26,5.9515525,293.3,5.93812789,295.23608
Kraken,eth_eur,293.3,1601623832.141808,293.27,2.94,293.3,25.54779695,295.23559
Kraken,btc_usd,10504.0,1601623834.821425,10504.0,9.29665831,10504.1,1.43,10515.26838
Kraken,eth_eur,293.3,1601623836.621604,293.27,2.94,293.3,27.60779096,295.23558
Kraken,eth_usd,343.28,1601623839.584577,343.28,16.18144393,343.29,3.0,345.89557
Kraken,btc_usd,10504.1,1601623842.287608,10504.0,9.29665831,10504.1,8.16161775,10515.26833
Kraken,btc_eur,8971.1,1601623843.236206,8971.0,0.18121328,8971.1,1.9825575,8949.79989
Kraken,btc_eur,8971.1,1601623844.248025,8971.0,0.18121328,8971.1,3.96231588,8949.80643
Kraken,eth_eur,293.25,1601623852.554429,293.24,38.11392854,293.25,147.87937212,295.23535
Kraken,btc_eur,8971.1,1601623864.784967,8971.0,4.08079956,8971.1,3.50569033,8949.8095
Kraken,btc_eur,8971.1,1601623864.969497,8971.0,4.08079956,8971.1,3.49573287,8949.80981
Kraken,btc_eur,8971.1,1601623865.653854,8971.0,4.08079956,8971.1,3.48757078,8949.81006
Kraken,eth_eur,293.24,1601623866.537913,293.24,18.61648104,293.25,15.90488878,295.2281
Kraken,btc_eur,8971.1,1601623867.161394,8971.0,4.08079956,8971.1,0.27339723,8949.81084
Kraken,btc_eur,8971.1,1601623867.280626,8971.0,4.08079956,8971.1,0.26235723,8949.81118
Kraken,btc_eur,8971.1,1601623879.537938,8971.0,0.23606956,8971.1,0.71252994,8949.8117
Kraken,btc_eur,8971.1,1601623880.771385,8971.0,0.23606956,8971.1,0.68797881,8949.81246
Kraken,btc_eur,8971.0,1601623881.213616,8971.0,0.12184049,8971.1,0.68797881,8949.816
Kraken,btc_eur,8971.0,1601623884.792183,8971.0,0.03567049,8971.1,2.68797881,8949.81866
Kraken,btc_eur,8971.1,1601623886.502534,8971.0,0.03567049,8971.1,2.66031918,8949.81952
Kraken,btc_usd,10504.8,1601623889.431923,10504.7,0.33557,10505.1,0.71430733,10515.25976
Kraken,btc_eur,8971.0,1601623892.303989,8971.0,0.03367049,8971.1,0.57635413,8949.81959
Kraken,eth_usd,343.2,1601623905.450251,343.2,29.95550564,343.22,3.0,345.88866
Kraken,btc_eur,8969.6,1601623910.303995,8969.6,0.18767727,8971.1,0.10958564,8949.8207
Kraken,btc_eur,8971.1,1601623910.410965,8969.6,0.18767727,8971.1,0.07623165,8949.82173
Kraken,btc_eur,8969.2,1601623914.311005,8969.1,0.935,8969.2,0.70920558,8949.82188
Kraken,eth_eur,293.23,1601623914.330748,293.17,3.55,293.25,88.97962167,295.22452
Kraken,btc_eur,8969.2,1601623915.650205,8969.1,3.06973,8969.7,0.95246772,8949.84409
Kraken,btc_usd,10505.0,1601623915.847412,10505.0,0.50557,10505.1,1.38,10515.25808
Kraken,btc_eur,8969.3,1601623916.033884,8969.2,2.38929277,8969.3,0.70328694,8949.8444
Kraken,btc_eur,8969.2,1601623916.13109,8969.2,1.17473,8969.3,0.70328694,8949.85569
Kraken,btc_usd,10504.8,1601623916.682701,10504.8,0.13457,10505.1,1.38,10515.25639
Kraken,btc_usd,10504.8,1601623921.577336,10504.8,0.13264719,10504.9,0.6822256,10515.25637
Kraken,eth_eur,293.08,1601623925.910785,293.07,3.68672,293.08,21.82759948,295.22451
Kraken,eth_usd,343.17,1601623927.232738,343.12,1.0,343.22,91.33703167,345.88796
Kraken,eth_eur,293.03,1601623927.746931,293.03,4.7746,293.04,30.26877581,295.22413
Kraken,eth_usd,343.0,1601623927.826787,343.0,0.03568215,343.13,59.36821215,345.88706
Kraken,btc_eur,8968.5,1601623928.548808,8966.1,0.06472794,8968.5,2.84949064,8949.85616
Kraken,eth_eur,293.03,1601623931.718967,293.0,343.0,293.04,83.42631077,295.22294
Kraken,btc_eur,8966.0,1601623935.500769,8964.8,0.06474763,8966.0,0.68706961,8949.85681
Kraken,eth_eur,293.0,1601623935.900661,293.0,342.96618289,293.01,70.77724812,295.22294
Kraken,btc_eur,8965.4,1601623937.234054,8964.3,2.0,8965.4,0.65899951,8949.85807
Kraken,btc_eur,8965.1,1601623942.276319,8964.0,0.01,8965.1,1.15298912,8949.85831
Kraken,btc_eur,8964.7,1601623944.260182,8964.6,0.5,8964.7,0.69247104,8949.85879
Kraken,eth_eur,293.0,1601623944.567859,293.0,333.46618289,293.01,94.71634287,295.22042
Kraken,eth_eur,293.0,1601623945.284125,293.0,258.46618289,293.01,94.71634287,295.20177
Kraken,eth_eur,293.0,1601623945.335631,293.0,183.46618289,293.01,94.71634287,295.18342
Kraken,btc_eur,8965.3,1601623958.37647,8965.1,0.625,8965.3,0.81129458,8949.86151
Kraken,btc_usd,10504.8,1601623959.763622,10504.8,0.09264719,10504.9,6.02142522,10515.25603
Kraken,btc_eur,8965.3,1601623962.320889,8965.2,2.56476305,8965.3,0.64521273,8949.86524
Kraken,eth_eur,293.0,1601623963.118622,293.0,158.56618289,293.01,98.27343287,295.1774
Kraken,btc_eur,8965.5,1601623974.698177,8965.4,0.23,8965.5,0.68887468,8949.86583
Kraken,btc_eur,8965.5,1601623975.339924,8965.4,0.23,8965.5,0.66643658,8949.86634
Kraken,btc_eur,8965.5,1601623975.445484,8965.4,0.23,8965.5,0.65757978,8949.86654
Kraken,btc_eur,8965.5,1601623975.789493,8965.4,0.23,8965.5,0.63378779,8949.86708
Kraken,btc_usd,10504.9,1601623984.518346,10504.8,0.09264719,10504.9,3.49174113,10515.25518
Kraken,btc_eur,8965.6,1601623984.931222,8965.5,2.39147588,8965.6,43.05913884,8949.86969
Kraken,eth_eur,293.01,1601623985.430196,293.0,161.79195914,293.01,70.57956662,295.17738
Kraken,btc_eur,8965.6,1601623986.233751,8965.5,0.355,8965.6,43.05713884,8949.86974
Kraken,btc_eur,8965.6,1601623986.948509,8965.5,0.355,8965.6,43.05437115,8949.8698
Kraken,btc_eur,8965.6,1601623988.303408,8965.5,0.355,8965.6,43.03437115,8949.87026
Kraken,btc_usd,10504.9,1601623988.315872,10504.8,0.09264719,10504.9,3.57842764,10515.25114
Kraken,btc_eur,8965.6,1601623988.565738,8965.5,0.355,8965.6,42.91670154,8949.87295
Kraken,eth_eur,293.01,1601623989.924342,293.0,158.56618289,293.01,112.40946695,295.17737
Kraken,eth_usd,343.01,1601623990.263586,343.0,2.73568215,343.01,94.61483447,345.88706
Kraken,btc_usd,10504.8,1601623991.255568,10504.8,0.09083431,10504.9,3.48550378,10515.25113
Kraken,btc_eur,8965.5,1601623994.92655,8965.5,2.353,8965.6,42.91670154,8949.873
Kraken,btc_eur,8965.6,1601624000.362114,8965.5,0.353,8965.6,42.81501622,8949.87533
Kraken,btc_eur,8965.6,1601624002.897747,8965.5,2.38947588,8965.6,42.73178255,8949.87723
Kraken,btc_usd,10504.9,1601624007.445469,10504.8,0.09183431,10504.9,3.65116867,10515.25107
Kraken,btc_usd,10504.9,1601624023.17857,10504.8,0.09183431,10504.9,3.37553201,10515.24834
Kraken,btc_eur,8965.6,1601624024.590583,8965.5,10.96323079,8965.6,42.72907674,8949.8773
Kraken,eth_eur,293.0,1601624027.803723,293.0,161.69165414,293.01,84.30815645,295.17735
Kraken,btc_eur,8966.8,1601624030.090365,8966.7,2.78644689,8966.8,9.10145495,8949.91664
Kraken,btc_usd,10504.8,1601624030.244241,10504.8,3.4215341,10505.0,2.0,10515.24663
Kraken,btc_eur,8966.7,1601624030.310934,8966.7,2.68644689,8968.1,2.0,8949.94705
Kraken,btc_usd,10504.9,1601624031.031414,10504.9,2.13557,10505.0,2.0,10515.24494
Kraken,btc_usd,10505.0,1601624035.599626,10504.9,2.33557,10505.0,1.9774,10515.24475
Kraken,btc_eur,8969.7,1601624039.408566,8968.6,2.01823794,8969.7,0.65899434,8949.94864
Kraken,btc_eur,8970.2,1601624043.069829,8969.2,0.01823794,8970.2,0.53414205,8949.9568
Kraken,eth_eur,293.0,1601624049.024175,293.0,171.51852075,293.01,41.82915223,295.17497
Kraken,btc_eur,8970.1,1601624049.926049,8969.8,0.01823794,8970.1,0.1832,8949.96313
Kraken,btc_eur,8969.9,1601624051.314397,8969.9,0.40770249,8970.1,0.1832,8949.96574
Kraken,btc_eur,8970.2,1601624052.530495,8970.1,0.00911897,8970.2,0.51214205,8949.96638
Kraken,eth_eur,293.01,1601624057.917171,293.0,148.6060245,293.01,67.75551009,295.17496
Kraken,btc_eur,8967.0,1601624062.963093,8966.9,0.53475694,8967.0,1.7190489,8949.96695
Kraken,eth_eur,293.0,1601624063.138103,293.0,140.55908539,293.01,77.1585338,295.17302
Kraken,btc_eur,8967.0,1601624063.397775,8966.9,0.53475694,8967.0,1.71435638,8949.96706
Kraken,btc_eur,8967.0,1601624063.85331,8966.9,0.47,8967.0,1.77779079,8949.96759
Kraken,btc_eur,8966.9,1601624064.284483,8966.9,0.29213821,8967.0,1.77779079,8949.97195
Kraken,btc_eur,8966.9,1601624066.170378,8966.9,0.28172921,8967.0,2.22941865,8949.97221
Kraken,btc_eur,8967.0,1601624070.679943,8966.9,0.34648293,8967.0,0.49785901,8950.01397
Kraken,eth_eur,293.01,1601624071.923598,293.0,140.55908539,293.01,92.8379391,295.17297
Kraken,eth_usd,343.07,1601624074.516127,343.0,2.73568215,343.07,6.46860326,345.88346
Kraken,btc_usd,10503.1,1601624077.933186,10503.0,0.91057,10503.1,0.15926844,10515.24451
Kraken,eth_eur,293.0,1601624083.5562,293.0,123.4308002,293.01,84.79867399,295.16579
Kraken,btc_usd,10503.0,1601624087.276806,10503.0,0.21327262,10503.1,2.90057774,10515.24384
Kraken,btc_usd,10503.0,1601624087.319369,10503.0,0.19412337,10503.1,2.90057774,10515.24365
Kraken,eth_eur,293.0,1601624087.441925,293.0,120.04502395,293.01,95.0674498,295.16575
Kraken,btc_usd,10503.0,1601624087.460802,10503.0,0.1179342,10503.1,5.09269385,10515.24289
Kraken,btc_usd,10503.0,1601624087.468968,10503.0,0.0512452,10503.1,5.15539153,10515.24222
Kraken,eth_eur,293.0,1601624087.474654,293.0,119.60502395,293.01,95.0674498,295.16565
Kraken,eth_eur,293.0,1601624087.492183,293.0,117.74602395,293.01,95.0674498,295.1652
Kraken,eth_eur,293.0,1601624087.494687,293.0,117.16614071,293.01,95.0674498,295.16506
Kraken,eth_eur,293.0,1601624087.867023,293.0,115.64530171,293.01,95.0674498,295.1647
Kraken,btc_usd,10503.0,1601624088.28443,10500.3,0.001,10503.1,12.84066279,10515.24171
Kraken,eth_eur,293.0,1601624088.666462,293.0,40.64530171,293.01,103.98207377,295.14697
Kraken,eth_eur,292.98,1601624088.718659,292.89,0.32826,293.01,103.98207377,295.1374
Kraken,btc_usd,10500.3,1601624089.294731,10495.2,0.027,10500.4,7.99958663,10515.2417
Kraken,btc_usd,10494.6,1601624089.656932,10494.6,0.95030736,10499.0,0.09922252,10515.24121
Kraken,btc_usd,10494.7,1601624091.670928,10494.7,0.75260372,10495.1,0.05625791,10515.23439
Kraken,btc_eur,8965.8,1601624093.170177,8965.6,0.164704,8965.8,41.17647973,8950.23854
Kraken,btc_usd,10495.5,1601624093.308588,10494.7,0.03770208,10495.5,0.73010734,10515.22598
Kraken,btc_usd,10495.5,1601624098.21481,10494.9,0.00265538,10495.5,0.71557091,10515.22574
Kraken,eth_usd,343.0,1601624098.230115,342.9,3.5,343.01,119.55810601,345.88283
Kraken,eth_eur,292.89,1601624098.252177,292.72,0.51192792,292.9,192.30520619,295.13732
Kraken,btc_usd,10495.5,1601624099.284868,10493.9,0.55264393,10495.5,0.49934417,10515.22226
Kraken,btc_eur,8965.2,1601624107.38402,8965.2,8.485e-05,8965.7,13.48057017,8950.24509
Kraken,btc_eur,8960.5,1601624107.516644,8960.5,0.23217162,8965.1,0.5,8950.24567
Kraken,eth_eur,292.73,1601624108.520224,292.72,3.15192792,292.73,27.11856935,295.136
Kraken,btc_eur,8960.6,1601624108.748434,8960.0,5.0018703,8960.6,1.20466197,8950.24572
Kraken,eth_eur,292.72,1601624108.888748,292.72,3.0604394,292.73,27.11856935,295.13597
Kraken,btc_eur,8960.0,1601624110.009574,8960.0,4.9998703,8960.6,1.20466197,8950.24574
Kraken,eth_eur,292.73,1601624110.997804,292.72,3.0604394,292.73,36.95436935,295.13593
Kraken,eth_eur,292.72,1601624112.158455,292.72,3.03497464,292.73,36.95436935,295.13592
Kraken,btc_eur,8960.6,1601624112.205754,8960.0,5.05826955,8960.6,2.68123066,8950.24624
Kraken,btc_eur,8960.0,1601624112.672041,8960.0,5.03041641,8960.6,0.68123066,8950.24663
Kraken,eth_usd,342.9,1601624112.799316,342.82,0.15,342.91,99.52099409,345.88167
Kraken,eth_eur,292.72,1601624113.110645,292.72,3.00880973,292.73,12.86323707,295.13592
Kraken,btc_eur,8960.0,1601624114.818623,8960.0,5.02735775,8960.3,1.0,8950.24667
Kraken,btc_eur,8960.1,1601624117.962681,8960.0,5.02735775,8960.1,1.11821603,8950.24684
Kraken,btc_usd,10490.9,1601624126.075332,10490.9,0.75705621,10495.3,6.78772664,10515.2183
Kraken,btc_eur,8960.1,1601624128.885556,8960.0,5.18400382,8960.1,4.61971515,8950.24723
Kraken,eth_usd,342.5,1601624131.548598,342.5,18.09577503,342.83,78.32148866,345.85613
Kraken,eth_eur,292.72,1601624131.608333,292.72,0.98626354,292.73,113.75834566,295.13539
Kraken,eth_eur,292.7,1601624137.612177,292.7,0.00685962,292.71,44.06558742,295.13446
Kraken,eth_usd,342.67,1601624139.157175,342.6,21.89947262,342.67,18.41121484,345.85555
Kraken,eth_eur,292.56,1601624140.253108,292.55,5.15,292.56,4.53624624,295.13433
Kraken,eth_usd,342.61,1601624140.371222,342.6,36.42447262,342.61,6.53624624,345.85547
Kraken,btc_eur,8960.0,1601624145.085549,8960.0,5.64242076,8960.1,3.62185237,8950.24725
Kraken,btc_usd,10491.5,1601624145.861186,10491.5,2.24331698,10491.6,0.35641226,10515.21636
Kraken,btc_eur,8960.1,1601624147.165007,8960.0,6.31742076,8960.1,3.61908301,8950.24729
Kraken,eth_eur,292.5,1601624147.274324,292.5,32.73880216,292.51,25.45464536,295.13406
Kraken,btc_eur,8960.1,1601624148.75962,8960.0,5.654723,8960.1,3.50830841,8950.24884
Kraken,btc_eur,8960.1,1601624149.303715,8960.0,5.254723,8960.1,3.45555741,8950.24958
Kraken,btc_usd,10491.6,1601624150.929217,10491.5,1.03382272,10491.6,0.14108165,10515.2125
Kraken,btc_eur,8960.1,1601624151.412029,8960.0,5.254723,8960.1,5.43231213,8950.2499
Kraken,btc_eur,8960.1,1601624151.851146,8960.0,5.31289561,8960.1,5.40769586,8950.25025
Kraken,eth_usd,342.5,1601624157.461459,342.5,49.67,342.61,79.59684399,345.85495
Kraken,btc_eur,8960.1,1601624158.736251,8960.0,5.32008719,8960.1,5.40215715,8950.25033
Kraken,eth_usd,342.52,1601624160.788068,342.5,49.67,342.52,21.48095342,345.84974
Kraken,btc_usd,10491.6,1601624161.824622,10491.5,0.00591083,10491.6,1.29105387,10515.2124
Kraken,btc_usd,10491.6,1601624164.610077,10491.5,0.00591083,10491.6,1.25738344,10515.21171
Kraken,eth_eur,292.47,1601624165.18006,292.45,0.16436,292.47,5.42076011,295.12829
Kraken,btc_usd,10491.6,1601624165.204767,10491.5,0.00591083,10491.6,1.21878532,10515.20978
Kraken,btc_usd,10491.6,1601624165.924632,10491.5,0.00591083,10491.6,0.28636308,10515.18873
Kraken,eth_usd,342.51,1601624166.566188,342.5,52.43,342.51,58.74047671,345.84966
Kraken,eth_eur,292.46,1601624173.511911,292.45,35.14525675,292.46,1.59484374,295.12823
Kraken,btc_eur,8960.1,1601624174.152658,8960.0,5.47753319,8960.1,5.82161164,8950.25306
Kraken,btc_eur,8960.0,1601624179.257405,8960.0,5.50415921,8960.1,3.81477241,8950.25311
Kraken,btc_eur,8960.0,1601624181.370364,8960.0,5.77022079,8960.1,3.81477241,8950.25839
Kraken,btc_usd,10491.5,1601624202.216246,10491.5,2.8529872,10491.6,0.253286,10515.18776
Kraken,btc_usd,10491.5,1601624207.292383,10491.5,2.18229651,10491.6,0.253286,10515.18372
Kraken,btc_eur,8960.1,1601624208.258249,8960.0,11.84051215,8960.1,0.00194122,8950.25842
Kraken,eth_eur,292.73,1601624218.254981,292.72,14.15089675,292.73,0.97624565,295.12822
Kraken,btc_eur,8963.2,1601624218.532904,8963.2,0.02763665,8963.6,3.0,8950.25846
Kraken,eth_eur,292.87,1601624222.525369,292.72,103.34049885,292.87,56.2920888,295.12571
Kraken,eth_usd,342.69,1601624222.653917,342.67,99.65948395,342.69,5.0,345.84884
Kraken,btc_eur,8963.6,1601624222.904343,8963.5,5.45336665,8963.6,2.99665,8950.25852
Kraken,eth_eur,292.87,1601624223.071105,292.74,4.98089675,292.87,31.00903795,295.12488
Kraken,btc_eur,8963.6,1601624224.24157,8963.5,6.72114402,8963.6,0.4,8950.28881
Kraken,btc_usd,10491.9,1601624224.523346,10491.5,15.60371487,10491.9,1.3791383,10515.18044
Kraken,btc_eur,8963.6,1601624224.609571,8963.5,6.7310798,8963.6,0.38814871,8950.28903
Kraken,btc_eur,8963.5,1601624224.998271,8963.5,5.1320798,8963.6,0.38814871,8950.31893
Kraken,btc_usd,10491.8,1601624225.004394,10491.8,4.37530378,10491.9,0.0208143,10515.17662
Kraken,btc_eur,8967.7,1601624230.685437,8967.6,5.2110657,8967.7,2.50778538,8950.31899
Kraken,btc_eur,8967.6,1601624232.824939,8967.6,5.31451765,8967.7,0.51,8950.31946
Kraken,btc_eur,8969.6,1601624242.347522,8969.5,0.92540353,8969.6,0.97310836,8950.32019
Kraken,btc_eur,8970.1,1601624242.655146,8969.5,0.92540353,8970.1,0.43252366,8950.32236
Kraken,btc_eur,8970.1,1601624242.777223,8969.5,0.79067353,8970.1,0.40419079,8950.32316
Kraken,btc_usd,10497.4,1601624242.79111,10493.9,20.07708611,10497.4,0.37252366,10515.17536
Kraken,btc_usd,10499.6,1601624242.901808,10498.8,0.33557,10499.6,4.72566713,10515.175
Kraken,eth_eur,293.03,1601624245.254572,293.02,13.82589675,293.03,0.1069012,295.12465
Kraken,eth_eur,293.03,1601624248.548361,293.02,47.51261675,293.03,0.0391342,295.12464
Kraken,btc_eur,8970.3,1601624251.436699,8970.1,0.01431832,8970.3,0.19356491,8950.32475
Kraken,eth_eur,293.07,1601624257.581354,293.06,41.46089675,293.07,4.96612113,295.12463
Kraken,eth_usd,342.9,1601624257.709671,342.89,113.64437209,342.9,3.46612113,345.84883
Kraken,btc_eur,8970.2,1601624259.904565,8970.1,0.03151164,8970.2,1.7832,8950.33085
Kraken,eth_usd,343.09,1601624262.841623,342.89,115.78461019,343.09,25.17817099,345.84744
Kraken,eth_usd,343.1,1601624265.91955,343.05,0.32872442,343.11,2.19563088,345.84673
Kraken,eth_eur,293.06,1601624268.211441,293.0,4.98089675,293.06,21.65255227,295.12458
Kraken,btc_eur,8970.2,1601624268.223687,8970.1,0.78895832,8970.2,2.32446752,8950.331
Kraken,btc_eur,8970.2,1601624272.466574,8970.1,0.80920985,8970.2,2.31971302,8950.33114
Kraken,eth_usd,343.19,1601624276.066987,343.1,39.14372442,343.19,3.68107564,345.84629
Kraken,btc_eur,8970.4,1601624286.99962,8970.3,1.03324593,8970.4,23.20483303,8950.33129
Kraken,btc_eur,8970.4,1601624299.133676,8970.3,1.08929872,8970.4,20.05448212,8950.33592
Kraken,btc_eur,8970.4,1601624302.256438,8970.3,1.09929783,8970.4,20.05226918,8950.33599
Kraken,btc_eur,8970.4,1601624303.264186,8970.3,1.09929783,8970.4,20.04123242,8950.3363
Kraken,btc_eur,8970.4,1601624305.304797,8970.3,0.59929783,8970.4,19.93058525,8950.33944
Kraken,btc_eur,8970.4,1601624305.688857,8970.3,0.59929783,8970.4,19.73977328,8950.34485
Kraken,btc_eur,8970.4,1601624305.693811,8970.3,0.59929783,8970.4,19.69903102,8950.346
Kraken,eth_eur,293.25,1601624307.321765,293.18,56.84438778,293.25,8.43957883,295.12457
Kraken,btc_eur,8970.4,1601624309.50756,8970.3,0.11188338,8970.4,19.56628253,8950.35039
Kraken,eth_eur,293.21,1601624311.750852,293.18,4.98089675,293.21,0.22376093,295.12395
Kraken,eth_eur,293.19,1601624313.476409,293.18,9.84589675,293.19,34.54295265,295.12393
Kraken,btc_eur,8970.4,1601624313.841315,8970.3,0.11188338,8970.4,19.33909976,8950.36263
Kraken,btc_eur,8970.4,1601624321.342393,8970.3,0.12547106,8970.4,19.05634789,8950.36421
Kraken,eth_eur,293.18,1601624323.299155,293.03,29.15607502,293.18,3.01365531,295.12382
Kraken,eth_usd,343.2,1601624324.134318,343.19,3.3,343.2,77.21608263,345.84492
Kraken,btc_eur,8970.4,1601624327.417833,8970.3,0.1301362,8970.4,19.53059424,8950.36437
Kraken,btc_eur,8970.4,1601624336.270402,8970.3,0.66419984,8970.4,19.50283803,8950.36515
Kraken,btc_eur,8970.4,1601624336.764315,8970.3,0.67851816,8970.4,19.48188413,8950.36575
Kraken,btc_eur,8968.7,1601624341.33385,8968.7,0.03557989,8970.4,19.50404168,8950.39222
Kraken,btc_eur,8968.7,1601624355.319203,8968.7,0.7720549,8968.9,0.71455266,8950.39234
Kraken,btc_usd,10501.4,1601624356.485472,10501.3,0.25,10501.4,0.69549943,10515.17254
Kraken,btc_eur,8969.5,1601624359.854105,8968.7,1.28246397,8969.5,1.99344127,8950.39264
Kraken,btc_eur,8969.4,1601624361.010587,8969.0,0.71448364,8969.4,0.41074146,8950.39932
Kraken,btc_eur,8969.1,1601624363.871629,8969.0,0.20032722,8969.1,1.67740745,8950.40782
Kraken,btc_eur,8969.6,1601624368.631351,8969.0,0.01880166,8969.6,0.70873395,8950.40797
Kraken,eth_eur,292.95,1601624371.677638,292.91,30.0,292.95,17.9038843,295.12072
Kraken,btc_eur,8969.2,1601624383.104525,8969.1,4.61908809,8969.2,0.01766538,8950.40821
Kraken,btc_eur,8970.8,1601624410.529377,8970.7,3.20974277,8970.8,0.08196251,8950.4087
Kraken,btc_eur,8971.7,1601624411.206905,8971.5,2.0,8971.7,1.7833,8950.4152
Kraken,btc_eur,8971.7,1601624413.775863,8971.7,0.46861646,8971.8,24.4479692,8950.41614
Kraken,btc_usd,10502.9,1601624423.326412,10502.9,2.71582796,10503.0,0.2,10515.16754
Kraken,btc_eur,8971.8,1601624423.79197,8971.7,0.29207479,8971.8,24.79579067,8950.46638
Kraken,btc_eur,8971.8,1601624425.163886,8971.7,0.29207479,8971.8,24.75249941,8950.46708
Kraken,eth_eur,293.08,1601624425.488612,293.06,0.03,293.08,0.32645215,295.11997
Kraken,btc_eur,8971.8,1601624425.674438,8971.7,0.29207479,8971.8,24.72610344,8950.46787
Kraken,btc_eur,8971.8,1601624426.719038,8971.7,0.29207479,8971.8,24.71565701,8950.46819
Kraken,eth_eur,293.07,1601624426.725796,293.06,0.03,293.07,23.47196298,295.11996
Kraken,btc_usd,10503.0,1601624437.533235,10502.9,3.11582796,10503.0,0.199,10515.16753
Kraken,eth_eur,293.08,1601624437.683942,293.07,43.33363823,293.08,19.87469872,295.11952
Kraken,btc_usd,10503.0,1601624440.691259,10502.9,3.11582796,10503.0,0.1974,10515.16752
Kraken,btc_usd,10503.0,1601624443.566443,10502.9,3.11582796,10503.0,0.1964,10515.16751
Kraken,btc_usd,10505.3,1601624446.227453,10502.9,1.31522964,10505.3,2.88580203,10515.15032
Kraken,eth_eur,293.1,1601624461.521738,293.1,10.10582365,293.13,2.09774491,295.11949
Kraken,btc_usd,10505.3,1601624464.108714,10503.8,1.15934545,10505.3,2.22137203,10515.14194
Kraken,eth_usd,343.12,1601624465.837154,343.11,46.32872442,343.12,0.25154053,345.84467
Kraken,eth_usd,343.16,1601624465.85093,343.11,46.32872442,343.16,18.73016615,345.8442
Kraken,btc_eur,8971.8,1601624466.187604,8971.7,2.02302068,8971.8,22.69908201,8950.46868
Kraken,btc_eur,8971.8,1601624467.684283,8971.7,1.50645627,8971.8,23.09207648,8950.46934
Kraken,btc_eur,8971.8,1601624468.573512,8971.7,1.50645627,8971.8,23.07357648,8950.46989
Kraken,btc_eur,8971.7,1601624473.507004,8971.7,1.49549813,8971.8,22.67857648,8950.47022
Kraken,btc_eur,8971.7,1601624473.74244,8971.7,1.99299813,8971.8,22.65866501,8950.4703
Kraken,btc_usd,10504.5,1601624477.043233,10504.5,0.68263576,10505.3,2.22137203,10515.14166
Kraken,btc_eur,8971.8,1601624478.150814,8971.7,4.69990555,8971.8,22.64781265,8950.47062
Kraken,btc_eur,8973.1,1601624480.936865,8973.1,0.50575441,8973.2,2.0,8950.47096
Kraken,btc_eur,8973.2,1601624481.190561,8973.1,0.50575441,8973.2,1.9948,8950.47113
Kraken,btc_eur,8973.1,1601624481.695662,8973.1,0.47411167,8973.2,1.9948,8950.47214
Kraken,eth_eur,293.17,1601624486.109601,293.15,7.67863823,293.17,21.38414675,295.11938
Kraken,btc_eur,8973.4,1601624487.160139,8973.4,0.06192167,8973.5,2.0,8950.47316
Kraken,btc_eur,8973.4,1601624488.165027,8973.4,0.00619167,8973.5,5.1410747,8950.47495
Kraken,btc_eur,8972.5,1601624489.747686,8971.8,0.02787,8972.5,0.71131903,8950.47505
Kraken,eth_usd,343.18,1601624490.02103,343.02,11.269,343.19,89.73690409,345.8435
Kraken,btc_eur,8968.5,1601624491.341755,8968.5,0.88223408,8971.9,0.05380658,8950.50048
Kraken,btc_usd,10503.0,1601624492.728097,10502.9,0.001,10503.0,1.58609598,10515.14034
Kraken,btc_usd,10503.0,1601624494.925629,10502.9,0.001,10503.0,1.71158052,10515.14025
Kraken,eth_eur,293.06,1601624505.698272,293.06,2.86,293.07,107.35782995,295.11937
Kraken,btc_usd,10503.0,1601624510.214682,10502.9,0.001,10503.0,2.55399274,10515.14022
Kraken,eth_eur,292.96,1601624511.309519,292.93,2.7,292.96,0.75830356,295.11936
Kraken,btc_eur,8970.0,1601624511.313114,8969.3,2.0,8970.0,1.99446771,8950.50063
Kraken,btc_eur,8970.8,1601624514.317795,8969.8,0.45754726,8970.8,1.9683351,8950.50153
Kraken,eth_usd,343.02,1601624514.435104,343.02,10.894,343.03,72.10064931,345.84191
Kraken,eth_usd,343.02,1601624514.756851,343.02,7.86489087,343.03,92.15064931,345.84147
Kraken,btc_eur,8969.8,1601624514.75733,8969.8,0.34724344,8970.8,1.9683351,8950.50452
Kraken,eth_usd,343.02,1601624514.762063,343.0,40.0,343.03,92.15064931,345.84032
Kraken,eth_usd,343.0,1601624514.99345,342.9,3.5,343.01,51.71076331,345.83446
Kraken,btc_usd,10501.6,1601624518.528682,10501.6,0.54781844,10503.0,4.60341353,10515.13986
Kraken,btc_usd,10501.6,1601624520.845889,10501.6,0.42859527,10501.7,0.65507711,10515.13855
Kraken,btc_eur,8969.7,1601624521.988875,8968.5,0.19038875,8969.7,0.01839784,8950.5047
Kraken,eth_usd,342.9,1601624526.65736,342.75,3.35,342.91,123.35297216,345.83393
Kraken,btc_usd,10501.6,1601624526.779645,10501.6,0.32859527,10501.7,7.32050943,10515.13745
Kraken,btc_usd,10501.3,1601624527.009063,10494.9,0.027,10501.7,7.45899293,10515.13103
Kraken,eth_usd,342.75,1601624527.039806,342.6,0.19568775,342.76,5.1,345.8334
Kraken,btc_eur,8967.6,1601624527.391674,8965.0,0.02231,8967.7,0.67077843,8950.5071
Kraken,btc_usd,10491.5,1601624527.864429,10490.2,0.4,10491.6,1.79857038,10515.13101
Kraken,btc_usd,10490.2,1601624529.203669,10490.2,0.82103932,10490.3,0.27693149,10515.13097
Kraken,btc_usd,10490.3,1601624530.628058,10490.2,0.82103932,10490.3,0.23894121,10515.13074
Kraken,btc_eur,8965.0,1601624530.882647,8963.5,0.00993578,8965.1,43.57983503,8950.50755
Kraken,eth_eur,292.91,1601624531.53785,292.91,0.00142569,292.92,181.50346103,295.11852
Kraken,eth_usd,342.63,1601624533.203538,342.6,26.43,342.63,14.7388748,345.83098
Kraken,btc_eur,8964.0,1601624534.345586,8963.5,0.00993578,8964.1,2.7150343,8950.52644
