Plateforme,Asset,Quote,Datetime,Bid,BidAmount,Ask,AskAmount,OpenInterest
Coinbase,eth_usd,367.72,1601554207.544784,367.72,0,367.77,0,354.93
Coinbase,btc_usd,10878.88,1601554207.545615,10878.87,0,10878.88,0,10722.81
Coinbase,eth_eur,313.3,1601554207.545976,313.3,0,313.47,0,303.56
Coinbase,btc_eur,9271.17,1601554207.546333,9267.81,0,9271.17,0,9170.64
Coinbase,btc_usd,10878.88,1601554209.549768,10878.87,0,10878.88,0,10722.81
Coinbase,btc_eur,9271.14,1601554209.651658,9266.7,0,9271.14,0,9170.64
Coinbase,btc_usd,10878.87,1601554212.942013,10878.87,0,10878.88,0,10722.81
Coinbase,eth_eur,313.35,1601554213.756132,313.22,0,313.35,0,303.56
Coinbase,eth_eur,313.33,1601554215.948914,313.21,0,313.33,0,303.56
Coinbase,eth_usd,367.68,1601554220.584516,367.68,0,367.69,0,354.93
Coinbase,eth_usd,367.68,1601554220.584914,367.68,0,367.69,0,354.93
Coinbase,eth_usd,367.68,1601554220.587505,367.68,0,367.69,0,354.93
Coinbase,eth_usd,367.68,1601554220.77964,367.53,0,367.69,0,354.93
Coinbase,btc_usd,10878.88,1601554221.092801,10878.87,0,10878.88,0,10722.81
Coinbase,btc_usd,10878.88,1601554221.093188,10878.87,0,10878.88,0,10722.81
Coinbase,btc_usd,10878.88,1601554222.86217,10878.87,0,10878.88,0,10722.81
Coinbase,btc_usd,10878.87,1601554223.542747,10878.87,0,10878.88,0,10722.81
Coinbase,btc_eur,9269.84,1601554227.874097,9267.69,0,9269.85,0,9170.64
Coinbase,btc_eur,9269.85,1601554227.874976,9267.69,0,9271.15,0,9170.64
Coinbase,btc_eur,9271.15,1601554227.876964,9267.69,0,9271.16,0,9170.64
Coinbase,btc_eur,9271.16,1601554227.877326,9267.69,0,9271.17,0,9170.64
Coinbase,btc_eur,9271.17,1601554227.880619,9267.69,0,9271.17,0,9170.64
Coinbase,btc_usd,10878.88,1601554227.887342,10878.87,0,10878.88,0,10722.81
Coinbase,btc_usd,10878.88,1601554227.888038,10878.87,0,10878.88,0,10722.81
Coinbase,btc_usd,10878.88,1601554228.821931,10878.87,0,10878.88,0,10722.81
Coinbase,eth_usd,367.45,1601554229.576868,367.44,0,367.45,0,354.93
Coinbase,eth_usd,367.44,1601554229.881295,367.44,0,367.45,0,354.93
Coinbase,eth_eur,313.21,1601554232.584973,313.03,0,313.21,0,303.56
Coinbase,btc_usd,10878.88,1601554232.983093,10878.87,0,10878.88,0,10722.81
Coinbase,btc_usd,10878.87,1601554233.159371,10878.87,0,10878.88,0,10722.81
Coinbase,btc_usd,10878.87,1601554233.218339,10878.87,0,10878.88,0,10722.81
Coinbase,btc_eur,9270.49,1601554234.941557,9267.85,0,9270.5,0,9170.64
Coinbase,btc_eur,9270.5,1601554234.942086,9267.85,0,9270.5,0,9170.64
Coinbase,eth_eur,313.21,1601554235.56752,313.04,0,313.21,0,303.56
Coinbase,eth_usd,367.44,1601554235.772813,367.4,0,367.44,0,354.93
Coinbase,btc_eur,9270.49,1601554236.686334,9267.87,0,9270.5,0,9170.64
Coinbase,btc_eur,9270.5,1601554236.687022,9267.87,0,9270.5,0,9170.64
Coinbase,btc_usd,10878.87,1601554237.24782,10878.87,0,10878.88,0,10722.81
Coinbase,eth_usd,367.44,1601554237.482984,367.4,0,367.44,0,354.93
Coinbase,eth_eur,313.21,1601554238.777114,313.03,0,313.21,0,303.56
Coinbase,btc_usd,10878.87,1601554239.027952,10878.87,0,10878.88,0,10722.81
Coinbase,btc_eur,9270.49,1601554241.300196,9267.87,0,9270.5,0,9170.64
Coinbase,btc_eur,9270.5,1601554241.300752,9267.87,0,9270.5,0,9170.64
Coinbase,btc_usd,10878.88,1601554242.931923,10878.87,0,10878.88,0,10722.81
Coinbase,btc_eur,9267.87,1601554243.933798,9267.87,0,9270.5,0,9170.64
Coinbase,eth_usd,367.4,1601554246.065138,367.4,0,367.44,0,354.93
Coinbase,btc_usd,10878.87,1601554246.130666,10878.87,0,10878.88,0,10722.81
Coinbase,btc_eur,9267.83,1601554246.586512,9267.83,0,9269.98,0,9170.64
Coinbase,btc_usd,10878.88,1601554249.577497,10878.87,0,10878.88,0,10722.81
Coinbase,btc_usd,10878.87,1601554252.754625,10878.87,0,10878.88,0,10722.81
Coinbase,eth_usd,367.41,1601554254.098569,367.41,0,367.47,0,354.93
Coinbase,btc_eur,9268.98,1601554254.113932,9267.83,0,9268.98,0,9170.64
Coinbase,btc_eur,9268.98,1601554254.62935,9267.83,0,9268.98,0,9170.64
Coinbase,btc_usd,10878.88,1601554254.824387,10878.87,0,10878.88,0,10722.81
Coinbase,btc_usd,10878.88,1601554256.371383,10878.87,0,10878.88,0,10722.81
Coinbase,btc_usd,10878.88,1601554256.371957,10878.87,0,10878.88,0,10722.81
Coinbase,btc_usd,10878.88,1601554256.374702,10878.87,0,10878.88,0,10722.81
Coinbase,btc_usd,10878.88,1601554256.375201,10878.87,0,10878.88,0,10722.81
Coinbase,btc_usd,10878.88,1601554256.375899,10878.87,0,10878.88,0,10722.81
Coinbase,btc_usd,10878.88,1601554256.376257,10878.87,0,10878.88,0,10722.81
Coinbase,btc_usd,10878.88,1601554257.227065,10878.87,0,10878.88,0,10722.81
Coinbase,btc_usd,10878.88,1601554259.727498,10878.87,0,10878.88,0,10722.81
Coinbase,btc_usd,10878.87,1601554260.149204,10878.87,0,10878.88,0,10722.81
Coinbase,btc_usd,10878.88,1601554261.328446,10878.87,0,10878.88,0,10722.81
Coinbase,btc_usd,10878.88,1601554262.616497,10878.87,0,10878.88,0,10722.81
Coinbase,btc_usd,10878.88,1601554262.625619,10878.87,0,10878.88,0,10722.81
Coinbase,btc_eur,9268.98,1601554264.199583,9267.83,0,9268.98,0,9170.64
Coinbase,btc_eur,9268.98,1601554265.154217,9267.83,0,9268.98,0,9170.64
Coinbase,btc_usd,10878.88,1601554265.506566,10878.87,0,10878.88,0,10722.81
Coinbase,eth_eur,313.15,1601554267.842945,313.15,0,313.3,0,303.56
Coinbase,btc_usd,10878.88,1601554268.554221,10878.87,0,10878.88,0,10722.81
Coinbase,eth_usd,367.6,1601554269.076528,367.54,0,367.6,0,354.93
Coinbase,eth_usd,367.6,1601554269.393909,367.54,0,367.6,0,354.93
Coinbase,btc_usd,10878.87,1601554271.129494,10878.87,0,10878.88,0,10722.81
Coinbase,btc_usd,10878.87,1601554271.404219,10878.87,0,10878.88,0,10722.81
Coinbase,eth_usd,367.6,1601554271.643967,367.55,0,367.6,0,354.93
Coinbase,btc_usd,10878.88,1601554273.01377,10878.87,0,10878.88,0,10722.81
Coinbase,btc_usd,10878.87,1601554274.541663,10878.87,0,10878.88,0,10722.81
Coinbase,btc_usd,10878.87,1601554274.542203,10878.87,0,10878.88,0,10722.81
Coinbase,btc_usd,10878.87,1601554274.542881,10876.95,0,10878.88,0,10722.81
Coinbase,btc_usd,10876.95,1601554274.570078,10876.18,0,10878.87,0,10722.81
Coinbase,btc_usd,10876.19,1601554274.665982,10876.19,0,10877.31,0,10722.81
Coinbase,btc_usd,10876.19,1601554274.673402,10875.01,0,10877.31,0,10722.81
Coinbase,btc_usd,10874.33,1601554274.798851,10874.3,0,10876.63,0,10722.81
Coinbase,btc_usd,10874.3,1601554274.799311,10873.9,0,10876.63,0,10722.81
Coinbase,btc_usd,10873.9,1601554274.8,10873.9,0,10876.63,0,10722.81
Coinbase,btc_usd,10873.88,1601554275.250347,10873.88,0,10873.89,0,10722.81
Coinbase,btc_usd,10873.88,1601554275.347926,10873.88,0,10873.89,0,10722.81
Coinbase,btc_usd,10873.88,1601554275.370463,10873.88,0,10873.89,0,10722.81
Coinbase,btc_usd,10873.88,1601554275.37186,10873.77,0,10873.89,0,10722.81
Coinbase,btc_usd,10873.77,1601554275.372226,10873.77,0,10873.89,0,10722.81
Coinbase,btc_usd,10873.77,1601554275.401625,10873.77,0,10873.78,0,10722.81
Coinbase,btc_eur,9264.22,1601554276.88802,9263.59,0,9266.26,0,9170.64
Coinbase,btc_eur,9263.59,1601554276.888445,9263.59,0,9266.26,0,9170.64
Coinbase,btc_usd,10873.77,1601554277.159228,10871.5,0,10873.78,0,10722.81
Coinbase,btc_usd,10871.5,1601554277.159685,10871.5,0,10873.78,0,10722.81
Coinbase,btc_usd,10872.39,1601554277.559376,10872.39,0,10873.18,0,10722.81
Coinbase,btc_usd,10873.71,1601554280.831489,10871.86,0,10873.71,0,10722.81
Coinbase,eth_usd,367.49,1601554282.429897,367.49,0,367.52,0,354.93
Coinbase,btc_usd,10873.03,1601554283.486097,10872.18,0,10873.03,0,10722.81
Coinbase,btc_usd,10873.03,1601554283.488351,10872.18,0,10873.03,0,10722.81
Coinbase,btc_usd,10873.03,1601554283.700541,10872.2,0,10873.03,0,10722.81
Coinbase,btc_usd,10873.03,1601554283.791483,10872.24,0,10873.03,0,10722.81
Coinbase,eth_usd,367.51,1601554283.809641,367.51,0,367.52,0,354.93
Coinbase,eth_eur,313.07,1601554284.215397,313.07,0,313.27,0,303.56
Coinbase,btc_usd,10872.79,1601554284.828031,10871.56,0,10872.79,0,10722.81
Coinbase,eth_usd,367.5,1601554286.519683,367.5,0,367.51,0,354.93
Coinbase,btc_usd,10871.44,1601554287.743574,10871.44,0,10872.47,0,10722.81
Coinbase,btc_usd,10871.44,1601554287.749116,10871.44,0,10872.47,0,10722.81
Coinbase,eth_usd,367.51,1601554291.442953,367.48,0,367.52,0,354.93
Coinbase,eth_usd,367.4,1601554293.76284,367.37,0,367.4,0,354.93
Coinbase,btc_eur,9262.6,1601554294.277213,9262.6,0,9265.39,0,9170.64
Coinbase,btc_usd,10871.89,1601554296.30517,10871.1,0,10871.89,0,10722.81
Coinbase,btc_usd,10871.1,1601554296.489935,10871.1,0,10871.89,0,10722.81
Coinbase,btc_usd,10871.1,1601554296.490383,10871.1,0,10871.89,0,10722.81
Coinbase,btc_eur,9265.37,1601554296.748889,9262.6,0,9265.37,0,9170.64
Coinbase,eth_usd,367.43,1601554298.975573,367.39,0,367.43,0,354.93
Coinbase,btc_usd,10871.19,1601554302.556445,10871.11,0,10871.19,0,10722.81
Coinbase,btc_eur,9262.72,1601554304.226937,9262.72,0,9265.12,0,9170.64
Coinbase,btc_usd,10869.89,1601554304.481711,10869.0,0,10869.89,0,10722.81
Coinbase,btc_eur,9265.03,1601554305.064155,9261.78,0,9265.03,0,9170.64
Coinbase,eth_usd,367.43,1601554305.989262,367.38,0,367.43,0,354.93
Coinbase,eth_eur,313.19,1601554308.321736,313.07,0,313.19,0,303.56
Coinbase,btc_usd,10869.42,1601554312.190181,10869.41,0,10869.42,0,10722.81
Coinbase,btc_usd,10869.42,1601554312.703845,10869.41,0,10869.42,0,10722.81
Coinbase,btc_usd,10869.42,1601554312.704658,10869.41,0,10869.42,0,10722.81
Coinbase,btc_usd,10869.41,1601554313.227504,10869.41,0,10869.42,0,10722.81
Coinbase,eth_usd,367.44,1601554313.239243,367.43,0,367.44,0,354.93
Coinbase,btc_usd,10869.42,1601554314.253192,10869.41,0,10869.42,0,10722.81
Coinbase,btc_usd,10869.42,1601554314.253753,10869.41,0,10869.42,0,10722.81
Coinbase,btc_eur,9264.42,1601554314.655304,9263.12,0,9264.42,0,9170.64
Coinbase,btc_eur,9262.3,1601554316.05174,9262.3,0,9264.41,0,9170.64
Coinbase,btc_usd,10869.41,1601554318.066855,10869.41,0,10869.42,0,10722.81
Coinbase,btc_eur,9262.3,1601554318.398384,9262.3,0,9264.4,0,9170.64
Coinbase,btc_usd,10869.42,1601554320.19169,10869.41,0,10869.42,0,10722.81
Coinbase,btc_usd,10869.41,1601554320.638294,10869.41,0,10869.42,0,10722.81
Coinbase,btc_eur,9264.39,1601554326.169193,9262.62,0,9264.39,0,9170.64
Coinbase,btc_eur,9264.39,1601554326.169764,9262.62,0,9264.39,0,9170.64
Coinbase,btc_usd,10869.41,1601554330.4092,10869.41,0,10869.42,0,10722.81
Coinbase,btc_usd,10869.41,1601554332.439004,10869.41,0,10869.42,0,10722.81
Coinbase,eth_usd,367.41,1601554333.43147,367.41,0,367.44,0,354.93
Coinbase,eth_usd,367.41,1601554333.432555,367.41,0,367.44,0,354.93
Coinbase,eth_usd,367.44,1601554333.650692,367.43,0,367.44,0,354.93
Coinbase,eth_usd,367.43,1601554333.651124,367.43,0,367.44,0,354.93
Coinbase,eth_usd,367.44,1601554333.755484,367.43,0,367.44,0,354.93
Coinbase,eth_usd,367.43,1601554333.958452,367.43,0,367.44,0,354.93
Coinbase,eth_usd,367.44,1601554334.501618,367.43,0,367.44,0,354.93
Coinbase,btc_usd,10869.42,1601554334.728707,10869.41,0,10869.42,0,10722.81
Coinbase,btc_usd,10869.42,1601554334.729187,10869.41,0,10869.42,0,10722.81
Coinbase,btc_usd,10869.42,1601554334.730975,10869.41,0,10869.42,0,10722.81
Coinbase,btc_usd,10869.42,1601554334.731343,10869.41,0,10869.42,0,10722.81
Coinbase,btc_usd,10869.42,1601554334.732024,10869.41,0,10869.42,0,10722.81
Coinbase,btc_usd,10869.42,1601554334.732713,10869.41,0,10872.19,0,10722.81
Coinbase,eth_eur,313.24,1601554334.999593,313.07,0,313.24,0,303.56
Coinbase,eth_usd,367.44,1601554335.147193,367.43,0,367.44,0,354.93
Coinbase,eth_usd,367.44,1601554335.151217,367.43,0,367.44,0,354.93
Coinbase,eth_usd,367.44,1601554335.188478,367.43,0,367.44,0,354.93
Coinbase,eth_usd,367.44,1601554335.189765,367.43,0,367.44,0,354.93
Coinbase,eth_usd,367.44,1601554335.190113,367.43,0,367.44,0,354.93
Coinbase,btc_usd,10874.29,1601554335.193281,10872.36,0,10874.29,0,10722.81
Coinbase,eth_usd,367.44,1601554335.21391,367.43,0,367.6,0,354.93
Coinbase,btc_usd,10874.22,1601554337.018128,10874.21,0,10874.22,0,10722.81
Coinbase,btc_usd,10874.22,1601554337.756047,10874.21,0,10874.22,0,10722.81
Coinbase,eth_usd,367.6,1601554341.315609,367.59,0,367.6,0,354.93
Coinbase,btc_eur,9265.45,1601554344.03259,9264.89,0,9265.45,0,9170.64
Coinbase,btc_usd,10874.22,1601554344.069514,10874.21,0,10874.22,0,10722.81
Coinbase,eth_usd,367.59,1601554346.671571,367.59,0,367.6,0,354.93
Coinbase,btc_usd,10875.53,1601554350.427625,10875.52,0,10875.53,0,10722.81
Coinbase,btc_eur,9267.1,1601554350.635177,9267.1,0,9269.11,0,9170.64
Coinbase,btc_usd,10875.53,1601554350.940093,10875.52,0,10875.53,0,10722.81
Coinbase,eth_eur,313.15,1601554354.614522,313.15,0,313.3,0,303.56
Coinbase,btc_eur,9267.1,1601554355.930941,9267.1,0,9269.51,0,9170.64
Coinbase,btc_usd,10875.79,1601554357.432836,10874.45,0,10875.79,0,10722.81
Coinbase,btc_usd,10875.7,1601554359.074723,10875.4,0,10875.7,0,10722.81
Coinbase,btc_eur,9269.58,1601554359.635453,9267.1,0,9269.58,0,9170.64
Coinbase,btc_eur,9269.58,1601554359.636205,9267.1,0,9269.59,0,9170.64
Coinbase,btc_eur,9269.59,1601554359.636562,9267.1,0,9269.59,0,9170.64
Coinbase,btc_usd,10875.7,1601554360.015375,10875.4,0,10875.7,0,10722.81
Coinbase,eth_eur,313.3,1601554361.241721,313.2,0,313.3,0,303.56
Coinbase,btc_usd,10875.4,1601554363.322804,10875.39,0,10875.4,0,10722.81
Coinbase,eth_usd,367.6,1601554364.828733,367.59,0,367.6,0,354.93
Coinbase,btc_usd,10875.39,1601554367.071852,10875.39,0,10875.4,0,10722.81
Coinbase,btc_usd,10875.39,1601554367.07237,10875.39,0,10875.4,0,10722.81
Coinbase,btc_usd,10875.39,1601554367.079766,10875.39,0,10875.4,0,10722.81
Coinbase,eth_usd,367.6,1601554369.293959,367.59,0,367.6,0,354.93
Coinbase,eth_usd,367.6,1601554370.00456,367.59,0,367.6,0,354.93
Coinbase,eth_usd,367.6,1601554371.69801,367.59,0,367.6,0,354.93
Coinbase,eth_usd,367.6,1601554371.698411,367.59,0,367.6,0,354.93
Coinbase,eth_usd,367.6,1601554371.698774,367.59,0,367.6,0,354.93
Coinbase,eth_usd,367.6,1601554371.699157,367.59,0,367.6,0,354.93
Coinbase,eth_usd,367.6,1601554371.69951,367.59,0,367.69,0,354.93
Coinbase,eth_usd,367.69,1601554371.699866,367.59,0,367.72,0,354.93
Coinbase,eth_usd,367.72,1601554371.700523,367.59,0,367.77,0,354.93
Coinbase,btc_usd,10875.4,1601554372.281835,10875.39,0,10875.4,0,10722.81
Coinbase,btc_usd,10875.4,1601554373.448626,10875.39,0,10875.4,0,10722.81
Coinbase,eth_eur,313.56,1601554374.102543,313.39,0,313.56,0,303.56
Coinbase,btc_usd,10875.4,1601554374.71677,10875.39,0,10875.4,0,10722.81
Coinbase,btc_usd,10875.4,1601554374.717147,10875.39,0,10875.4,0,10722.81
Coinbase,btc_usd,10875.4,1601554374.719101,10875.39,0,10878.46,0,10722.81
Coinbase,btc_usd,10878.77,1601554374.959011,10878.77,0,10878.78,0,10722.81
Coinbase,btc_usd,10878.77,1601554375.111155,10878.77,0,10878.78,0,10722.81
Coinbase,btc_usd,10878.77,1601554375.146535,10878.77,0,10878.78,0,10722.81
Coinbase,btc_usd,10880.27,1601554377.173089,10880.27,0,10880.28,0,10722.81
Coinbase,btc_usd,10880.28,1601554377.446374,10880.27,0,10880.28,0,10722.81
Coinbase,btc_usd,10880.45,1601554379.228934,10880.44,0,10880.45,0,10722.81
Coinbase,eth_usd,367.86,1601554379.768147,367.86,0,367.87,0,354.93
Coinbase,eth_usd,367.86,1601554379.768515,367.86,0,367.87,0,354.93
Coinbase,eth_usd,367.86,1601554379.78848,367.86,0,367.87,0,354.93
Coinbase,eth_usd,367.86,1601554379.906807,367.86,0,367.87,0,354.93
Coinbase,eth_usd,367.86,1601554379.914587,367.86,0,367.87,0,354.93
Coinbase,eth_usd,367.8,1601554381.261739,367.79,0,367.8,0,354.93
Coinbase,eth_usd,367.8,1601554381.262215,367.79,0,367.8,0,354.93
Coinbase,eth_usd,367.8,1601554381.262567,367.79,0,367.8,0,354.93
Coinbase,eth_usd,367.8,1601554381.262929,367.79,0,367.8,0,354.93
Coinbase,eth_usd,367.8,1601554381.263273,367.79,0,367.8,0,354.93
Coinbase,eth_usd,367.8,1601554381.263616,367.79,0,367.81,0,354.93
Coinbase,eth_usd,367.81,1601554381.263981,367.79,0,367.81,0,354.93
Coinbase,btc_usd,10880.44,1601554381.966998,10880.44,0,10880.45,0,10722.81
Coinbase,btc_usd,10880.45,1601554382.488972,10880.44,0,10880.45,0,10722.81
Coinbase,eth_usd,367.79,1601554382.704146,367.79,0,367.8,0,354.93
Coinbase,btc_usd,10880.45,1601554383.18045,10880.44,0,10880.45,0,10722.81
Coinbase,eth_usd,367.79,1601554383.192551,367.72,0,367.8,0,354.93
Coinbase,eth_usd,367.72,1601554383.193888,367.59,0,367.8,0,354.93
Coinbase,eth_usd,367.59,1601554383.194287,367.58,0,367.8,0,354.93
Coinbase,eth_usd,367.58,1601554383.19505,367.56,0,367.8,0,354.93
Coinbase,eth_usd,367.56,1601554383.197927,367.56,0,367.8,0,354.93
Coinbase,btc_eur,9272.34,1601554383.493099,9270.4,0,9272.34,0,9170.64
Coinbase,btc_usd,10880.45,1601554383.500089,10880.44,0,10880.45,0,10722.81
Coinbase,btc_usd,10880.45,1601554383.999956,10880.44,0,10880.45,0,10722.81
Coinbase,btc_eur,9270.42,1601554384.749009,9270.42,0,9272.35,0,9170.64
Coinbase,btc_usd,10880.45,1601554385.909828,10880.44,0,10880.45,0,10722.81
Coinbase,btc_usd,10880.45,1601554385.924596,10880.44,0,10880.45,0,10722.81
Coinbase,eth_eur,313.23,1601554385.997,313.23,0,313.45,0,303.56
Coinbase,eth_usd,367.76,1601554387.755921,367.73,0,367.76,0,354.93
Coinbase,btc_usd,10880.45,1601554388.037722,10880.44,0,10880.45,0,10722.81
Coinbase,btc_eur,9269.5,1601554391.068488,9269.49,0,9272.32,0,9170.64
Coinbase,btc_eur,9269.49,1601554391.069036,9269.37,0,9272.32,0,9170.64
Coinbase,btc_eur,9269.37,1601554391.069374,9269.37,0,9272.32,0,9170.64
Coinbase,eth_eur,313.45,1601554392.70352,313.31,0,313.47,0,303.56
Coinbase,eth_eur,313.47,1601554392.704447,313.31,0,313.47,0,303.56
Coinbase,btc_usd,10879.79,1601554393.507379,10878.62,0,10879.81,0,10722.81
Coinbase,btc_usd,10879.81,1601554393.50828,10878.62,0,10879.81,0,10722.81
Coinbase,btc_usd,10879.86,1601554398.58556,10878.56,0,10879.86,0,10722.81
Coinbase,btc_usd,10879.86,1601554399.091311,10878.63,0,10879.86,0,10722.81
Coinbase,btc_usd,10879.86,1601554400.086789,10878.27,0,10879.86,0,10722.81
Coinbase,eth_eur,313.47,1601554402.584152,313.3,0,313.47,0,303.56
Coinbase,btc_usd,10878.42,1601554409.074942,10878.42,0,10879.31,0,10722.81
Coinbase,eth_eur,313.31,1601554409.624368,313.31,0,313.47,0,303.56
Coinbase,btc_eur,9272.15,1601554412.291615,9269.83,0,9272.15,0,9170.64
Coinbase,btc_usd,10879.47,1601554414.127413,10878.4,0,10879.47,0,10722.81
Coinbase,eth_eur,313.3,1601554414.326071,313.3,0,313.45,0,303.56
Coinbase,eth_eur,313.45,1601554417.412306,313.3,0,313.45,0,303.56
Coinbase,btc_usd,10879.5,1601554417.911635,10878.52,0,10879.5,0,10722.81
Coinbase,btc_usd,10879.44,1601554418.60064,10878.52,0,10879.44,0,10722.81
Coinbase,btc_eur,9272.22,1601554419.718372,9269.83,0,9272.22,0,9170.64
Coinbase,eth_usd,367.79,1601554420.515005,367.73,0,367.79,0,354.93
Coinbase,btc_usd,10877.66,1601554421.147649,10877.66,0,10878.77,0,10722.81
Coinbase,btc_eur,9269.34,1601554421.444037,9269.34,0,9272.25,0,9170.64
Coinbase,btc_usd,10878.77,1601554421.541733,10878.01,0,10878.77,0,10722.81
Coinbase,btc_usd,10878.77,1601554422.380651,10878.13,0,10879.28,0,10722.81
Coinbase,btc_usd,10879.28,1601554422.381048,10878.13,0,10879.28,0,10722.81
Coinbase,btc_eur,9269.34,1601554424.21181,9269.34,0,9272.21,0,9170.64
Coinbase,eth_usd,367.75,1601554424.441446,367.71,0,367.75,0,354.93
Coinbase,btc_eur,9271.98,1601554425.766222,9269.34,0,9271.99,0,9170.64
Coinbase,btc_eur,9271.99,1601554425.766618,9269.34,0,9271.99,0,9170.64
Coinbase,btc_eur,9271.97,1601554426.033563,9269.34,0,9271.97,0,9170.64
Coinbase,eth_usd,367.71,1601554427.107863,367.71,0,367.76,0,354.93
Coinbase,btc_usd,10878.6,1601554427.892236,10877.55,0,10878.6,0,10722.81
Coinbase,btc_eur,9271.97,1601554427.906059,9269.36,0,9271.97,0,9170.64
Coinbase,btc_usd,10878.6,1601554428.15306,10877.61,0,10878.6,0,10722.81
Coinbase,btc_eur,9271.96,1601554428.180451,9269.36,0,9271.97,0,9170.64
Coinbase,btc_eur,9271.97,1601554428.180938,9269.36,0,9271.97,0,9170.64
Coinbase,btc_eur,9271.95,1601554429.178555,9269.36,0,9271.96,0,9170.64
Coinbase,btc_eur,9271.96,1601554429.179117,9269.36,0,9271.96,0,9170.64
Coinbase,btc_eur,9271.95,1601554429.40893,9269.36,0,9271.96,0,9170.64
Coinbase,btc_eur,9271.96,1601554429.409368,9269.36,0,9271.96,0,9170.64
Coinbase,btc_eur,9271.96,1601554429.409734,9269.36,0,9271.96,0,9170.64
Coinbase,btc_eur,9271.96,1601554429.43791,9269.36,0,9271.96,0,9170.64
Coinbase,btc_eur,9271.96,1601554429.438289,9269.36,0,9271.97,0,9170.64
Coinbase,btc_eur,9271.97,1601554429.43864,9269.36,0,9271.99,0,9170.64
Coinbase,btc_eur,9271.99,1601554429.43899,9269.36,0,9272.3,0,9170.64
Coinbase,btc_eur,9272.3,1601554429.43934,9269.36,0,9272.3,0,9170.64
Coinbase,eth_usd,367.75,1601554429.567025,367.7,0,367.75,0,354.93
Coinbase,eth_usd,367.7,1601554431.06115,367.59,0,367.71,0,354.93
Coinbase,eth_usd,367.58,1601554431.682792,367.58,0,367.7,0,354.93
Coinbase,btc_eur,9271.98,1601554432.20353,9269.36,0,9271.98,0,9170.64
Coinbase,btc_usd,10879.03,1601554432.481431,10878.06,0,10879.03,0,10722.81
Coinbase,btc_usd,10879.03,1601554433.985478,10878.07,0,10879.03,0,10722.81
Coinbase,btc_eur,9270.04,1601554434.011549,9270.04,0,9271.98,0,9170.64
Coinbase,eth_eur,313.22,1601554434.488992,313.22,0,313.39,0,303.56
Coinbase,eth_usd,367.61,1601554435.222284,367.61,0,367.69,0,354.93
Coinbase,btc_usd,10879.03,1601554436.594146,10879.02,0,10879.03,0,10722.81
Coinbase,btc_eur,9271.98,1601554436.719242,9270.04,0,9272.23,0,9170.64
Coinbase,btc_eur,9272.23,1601554436.721048,9270.04,0,9272.28,0,9170.64
Coinbase,btc_eur,9272.28,1601554436.721396,9270.04,0,9272.29,0,9170.64
Coinbase,btc_eur,9272.29,1601554436.721737,9270.04,0,9272.29,0,9170.64
Coinbase,btc_usd,10879.03,1601554436.83677,10879.02,0,10879.62,0,10722.81
Coinbase,btc_usd,10879.02,1601554436.841624,10879.02,0,10879.62,0,10722.81
Coinbase,btc_usd,10879.02,1601554436.842005,10879.02,0,10879.62,0,10722.81
Coinbase,btc_usd,10879.62,1601554437.045526,10879.61,0,10879.62,0,10722.81
Coinbase,btc_usd,10880.13,1601554439.433539,10879.05,0,10880.13,0,10722.81
Coinbase,eth_usd,367.68,1601554441.624153,367.68,0,367.7,0,354.93
Coinbase,eth_eur,313.39,1601554441.954708,313.26,0,313.39,0,303.56
Coinbase,btc_eur,9272.29,1601554442.241701,9270.32,0,9272.29,0,9170.64
Coinbase,btc_usd,10880.13,1601554442.728815,10878.38,0,10880.14,0,10722.81
Coinbase,btc_usd,10880.14,1601554442.729372,10878.38,0,10880.14,0,10722.81
Coinbase,eth_eur,313.39,1601554443.114476,313.25,0,313.39,0,303.56
Coinbase,btc_usd,10880.14,1601554443.582379,10878.32,0,10880.14,0,10722.81
Coinbase,btc_usd,10880.14,1601554443.727121,10878.32,0,10880.14,0,10722.81
Coinbase,eth_eur,313.38,1601554444.138477,313.25,0,313.38,0,303.56
Coinbase,btc_usd,10880.14,1601554444.175804,10878.32,0,10880.14,0,10722.81
Coinbase,eth_usd,367.68,1601554445.755176,367.64,0,367.71,0,354.93
Coinbase,eth_usd,367.64,1601554445.755647,367.64,0,367.71,0,354.93
Coinbase,eth_usd,367.64,1601554445.756311,367.63,0,367.71,0,354.93
Coinbase,eth_usd,367.63,1601554445.756992,367.62,0,367.71,0,354.93
Coinbase,eth_usd,367.62,1601554445.760591,367.55,0,367.71,0,354.93
Coinbase,eth_usd,367.55,1601554445.76157,367.53,0,367.71,0,354.93
Coinbase,eth_usd,367.53,1601554445.761926,367.52,0,367.71,0,354.93
Coinbase,eth_usd,367.52,1601554445.767032,367.51,0,367.71,0,354.93
Coinbase,btc_usd,10880.14,1601554445.767407,10878.9,0,10880.14,0,10722.81
Coinbase,eth_usd,367.51,1601554445.767761,367.5,0,367.71,0,354.93
Coinbase,eth_usd,367.5,1601554445.83957,367.49,0,367.71,0,354.93
Coinbase,eth_usd,367.49,1601554445.839968,367.49,0,367.71,0,354.93
Coinbase,eth_usd,367.49,1601554445.840324,367.48,0,367.71,0,354.93
Coinbase,eth_usd,367.48,1601554445.840678,367.48,0,367.71,0,354.93
Coinbase,btc_usd,10878.9,1601554445.958635,10878.9,0,10880.13,0,10722.81
Coinbase,eth_usd,367.48,1601554447.559908,367.48,0,367.57,0,354.93
Coinbase,btc_usd,10879.36,1601554453.482817,10878.06,0,10879.36,0,10722.81
Coinbase,eth_eur,313.32,1601554454.308188,313.14,0,313.32,0,303.56
Coinbase,btc_usd,10878.71,1601554455.284925,10877.83,0,10878.71,0,10722.81
Coinbase,btc_usd,10877.74,1601554456.531878,10877.32,0,10877.74,0,10722.81
Coinbase,eth_usd,367.59,1601554457.320097,367.53,0,367.59,0,354.93
Coinbase,btc_usd,10877.74,1601554462.484468,10877.01,0,10877.74,0,10722.81
Coinbase,btc_usd,10877.73,1601554463.792758,10877.73,0,10877.74,0,10722.81
Coinbase,btc_usd,10877.74,1601554463.840203,10877.73,0,10877.74,0,10722.81
Coinbase,eth_usd,367.58,1601554467.133597,367.47,0,367.58,0,354.93
Coinbase,btc_usd,10877.74,1601554467.284216,10877.73,0,10877.74,0,10722.81
Coinbase,btc_usd,10876.98,1601554470.391077,10875.9,0,10876.98,0,10722.81
Coinbase,btc_usd,10876.31,1601554471.125184,10875.67,0,10876.83,0,10722.81
Coinbase,btc_usd,10876.83,1601554471.126409,10875.67,0,10876.84,0,10722.81
Coinbase,btc_usd,10876.84,1601554471.127038,10875.67,0,10876.99,0,10722.81
Coinbase,btc_usd,10876.99,1601554471.134332,10875.67,0,10877.18,0,10722.81
Coinbase,btc_usd,10877.18,1601554471.134676,10875.67,0,10877.18,0,10722.81
Coinbase,eth_usd,367.47,1601554471.258827,367.47,0,367.55,0,354.93
Coinbase,btc_eur,9268.36,1601554471.781084,9268.36,0,9270.26,0,9170.64
Coinbase,btc_usd,10877.1,1601554472.089123,10877.1,0,10877.11,0,10722.81
Coinbase,btc_usd,10877.11,1601554474.039216,10877.1,0,10877.11,0,10722.81
Coinbase,eth_usd,367.53,1601554475.16015,367.51,0,367.57,0,354.93
Coinbase,eth_usd,367.51,1601554475.16095,367.51,0,367.57,0,354.93
Coinbase,btc_usd,10877.11,1601554475.584301,10877.1,0,10877.11,0,10722.81
Coinbase,btc_usd,10877.11,1601554475.618111,10877.1,0,10877.61,0,10722.81
Coinbase,btc_usd,10877.61,1601554475.618809,10877.1,0,10878.23,0,10722.81
Coinbase,btc_usd,10878.23,1601554475.620857,10877.1,0,10878.23,0,10722.81
Coinbase,btc_eur,9267.23,1601554477.107536,9267.22,0,9270.26,0,9170.64
Coinbase,btc_eur,9267.22,1601554477.108113,9267.2,0,9270.26,0,9170.64
Coinbase,btc_eur,9267.2,1601554477.108453,9267.19,0,9270.26,0,9170.64
Coinbase,btc_eur,9267.19,1601554477.108796,9267.01,0,9270.26,0,9170.64
Coinbase,btc_eur,9267.01,1601554477.109444,9267.01,0,9270.26,0,9170.64
Coinbase,btc_usd,10876.95,1601554478.693517,10876.94,0,10876.95,0,10722.81
Coinbase,eth_usd,367.53,1601554479.182822,367.45,0,367.53,0,354.93
Coinbase,eth_eur,313.24,1601554481.749504,313.1,0,313.24,0,303.56
Coinbase,btc_usd,10876.48,1601554482.067781,10876.48,0,10876.72,0,10722.81
Coinbase,eth_usd,367.53,1601554483.046446,367.48,0,367.53,0,354.93
Coinbase,btc_usd,10876.65,1601554483.349125,10876.21,0,10876.65,0,10722.81
Coinbase,btc_usd,10876.64,1601554483.45307,10876.22,0,10876.65,0,10722.81
Coinbase,btc_usd,10876.22,1601554483.4554,10876.21,0,10876.65,0,10722.81
Coinbase,btc_usd,10876.21,1601554483.456507,10875.13,0,10876.65,0,10722.81
Coinbase,btc_usd,10875.13,1601554483.45687,10875.06,0,10876.65,0,10722.81
Coinbase,btc_usd,10875.06,1601554483.458674,10875.06,0,10876.65,0,10722.81
Coinbase,btc_usd,10875.06,1601554483.461009,10874.83,0,10876.65,0,10722.81
Coinbase,btc_usd,10874.83,1601554483.461367,10874.25,0,10876.65,0,10722.81
Coinbase,btc_usd,10874.25,1601554483.464353,10873.24,0,10876.65,0,10722.81
Coinbase,btc_usd,10873.24,1601554483.464725,10873.23,0,10876.65,0,10722.81
Coinbase,btc_usd,10873.23,1601554483.467794,10872.55,0,10876.65,0,10722.81
Coinbase,btc_usd,10872.55,1601554483.468188,10872.54,0,10876.65,0,10722.81
Coinbase,btc_usd,10872.54,1601554483.537269,10872.53,0,10876.65,0,10722.81
Coinbase,btc_usd,10872.53,1601554483.537676,10872.02,0,10876.65,0,10722.81
Coinbase,btc_usd,10872.02,1601554483.538059,10871.99,0,10876.65,0,10722.81
Coinbase,btc_usd,10871.99,1601554483.538415,10871.79,0,10876.65,0,10722.81
Coinbase,btc_usd,10871.79,1601554483.53877,10871.76,0,10876.65,0,10722.81
Coinbase,btc_usd,10871.76,1601554483.539154,10871.41,0,10876.65,0,10722.81
Coinbase,btc_usd,10871.41,1601554483.539512,10871.16,0,10876.65,0,10722.81
Coinbase,btc_usd,10871.16,1601554483.539898,10870.21,0,10876.65,0,10722.81
Coinbase,btc_usd,10870.21,1601554483.540764,10869.6,0,10876.65,0,10722.81
Coinbase,btc_usd,10869.6,1601554483.541437,10869.6,0,10876.65,0,10722.81
Coinbase,btc_eur,9266.74,1601554483.541791,9266.74,0,9269.79,0,9170.64
Coinbase,btc_usd,10875.73,1601554483.867846,10874.91,0,10875.73,0,10722.81
Coinbase,btc_usd,10876.23,1601554484.018561,10875.78,0,10876.23,0,10722.81
Coinbase,btc_eur,9269.19,1601554484.606486,9266.35,0,9269.19,0,9170.64
Coinbase,btc_eur,9269.19,1601554484.607,9266.35,0,9269.19,0,9170.64
Coinbase,btc_usd,10875.41,1601554486.263143,10874.91,0,10875.41,0,10722.81
Coinbase,btc_usd,10873.44,1601554486.338157,10873.44,0,10875.29,0,10722.81
Coinbase,eth_usd,367.48,1601554489.91953,367.48,0,367.55,0,354.93
Coinbase,btc_eur,9268.98,1601554490.655208,9266.19,0,9268.99,0,9170.64
Coinbase,btc_eur,9268.99,1601554490.655773,9266.19,0,9269.95,0,9170.64
Coinbase,btc_usd,10875.94,1601554491.676685,10874.32,0,10875.94,0,10722.81
Coinbase,eth_usd,367.47,1601554492.697335,367.42,0,367.47,0,354.93
Coinbase,eth_eur,313.13,1601554494.962692,313.13,0,313.25,0,303.56
Coinbase,btc_usd,10874.93,1601554496.529787,10874.93,0,10876.12,0,10722.81
Coinbase,btc_usd,10876.11,1601554496.991825,10874.92,0,10876.11,0,10722.81
Coinbase,btc_usd,10874.38,1601554500.010114,10874.37,0,10874.38,0,10722.81
Coinbase,btc_eur,9269.37,1601554500.837334,9269.37,0,9269.88,0,9170.64
Coinbase,btc_eur,9269.37,1601554501.309521,9269.37,0,9269.88,0,9170.64
Coinbase,btc_eur,9269.37,1601554501.321439,9269.37,0,9269.88,0,9170.64
Coinbase,btc_usd,10874.38,1601554501.42253,10874.37,0,10874.38,0,10722.81
Coinbase,eth_eur,313.08,1601554501.828961,313.08,0,313.27,0,303.56
Coinbase,btc_eur,9269.37,1601554502.235706,9269.37,0,9269.88,0,9170.64
Coinbase,eth_usd,367.49,1601554502.681497,367.45,0,367.49,0,354.93
Coinbase,eth_eur,313.08,1601554503.086028,313.08,0,313.27,0,303.56
Coinbase,eth_usd,367.48,1601554503.09727,367.48,0,367.52,0,354.93
Coinbase,btc_usd,10874.38,1601554503.247003,10874.37,0,10874.38,0,10722.81
Coinbase,eth_usd,367.54,1601554503.615908,367.5,0,367.54,0,354.93
Coinbase,btc_usd,10874.38,1601554507.010646,10874.37,0,10874.38,0,10722.81
Coinbase,btc_usd,10874.38,1601554507.769218,10874.37,0,10874.38,0,10722.81
Coinbase,btc_usd,10874.38,1601554508.439327,10874.37,0,10874.38,0,10722.81
Coinbase,eth_eur,313.29,1601554508.449347,313.15,0,313.29,0,303.56
Coinbase,btc_eur,9269.88,1601554508.891932,9269.37,0,9269.88,0,9170.64
Coinbase,eth_usd,367.54,1601554509.432959,367.48,0,367.54,0,354.93
Coinbase,btc_eur,9269.37,1601554509.705752,9267.62,0,9269.88,0,9170.64
Coinbase,btc_eur,9267.62,1601554509.706968,9267.62,0,9269.88,0,9170.64
Coinbase,eth_usd,367.42,1601554511.212913,367.42,0,367.49,0,354.93
Coinbase,btc_usd,10875.44,1601554514.361032,10874.64,0,10875.44,0,10722.81
Coinbase,btc_usd,10875.49,1601554515.520388,10875.49,0,10875.5,0,10722.81
Coinbase,eth_usd,367.5,1601554518.209484,367.5,0,367.54,0,354.93
Coinbase,btc_usd,10875.49,1601554521.922744,10875.49,0,10875.5,0,10722.81
Coinbase,btc_usd,10875.49,1601554521.924713,10875.02,0,10875.5,0,10722.81
Coinbase,btc_usd,10875.02,1601554521.925839,10874.98,0,10875.5,0,10722.81
Coinbase,btc_usd,10874.98,1601554521.928174,10874.98,0,10875.5,0,10722.81
Coinbase,btc_usd,10875.17,1601554522.440627,10874.46,0,10875.18,0,10722.81
Coinbase,btc_usd,10875.18,1601554522.441152,10874.46,0,10875.18,0,10722.81
Coinbase,btc_usd,10874.57,1601554522.509434,10874.57,0,10875.18,0,10722.81
Coinbase,btc_eur,9266.94,1601554524.427572,9266.94,0,9269.67,0,9170.64
Coinbase,btc_usd,10874.36,1601554525.005815,10874.36,0,10875.03,0,10722.81
Coinbase,btc_usd,10875.4,1601554528.160183,10874.6,0,10875.4,0,10722.81
Coinbase,btc_usd,10875.25,1601554528.973781,10874.56,0,10875.25,0,10722.81
Coinbase,eth_eur,313.25,1601554532.955571,313.08,0,313.26,0,303.56
Coinbase,eth_eur,313.26,1601554532.956041,313.08,0,313.26,0,303.56
Coinbase,eth_eur,313.25,1601554533.700646,313.1,0,313.25,0,303.56
Coinbase,btc_eur,9269.55,1601554533.987311,9266.94,0,9269.55,0,9170.64
Coinbase,btc_usd,10874.21,1601554533.999223,10874.21,0,10874.66,0,10722.81
Coinbase,btc_eur,9269.55,1601554537.012526,9266.94,0,9269.55,0,9170.64
Coinbase,eth_eur,313.11,1601554538.475607,313.1,0,313.25,0,303.56
Coinbase,eth_eur,313.1,1601554538.476164,313.1,0,313.25,0,303.56
Coinbase,btc_usd,10874.66,1601554539.084462,10874.19,0,10875.15,0,10722.81
Coinbase,btc_usd,10875.15,1601554539.085299,10874.19,0,10875.15,0,10722.81
Coinbase,btc_eur,9269.49,1601554540.552644,9267.48,0,9269.49,0,9170.64
Coinbase,btc_eur,9269.49,1601554540.553047,9267.48,0,9269.49,0,9170.64
Coinbase,btc_eur,9269.49,1601554543.655225,9267.48,0,9269.49,0,9170.64
Coinbase,btc_usd,10874.85,1601554544.163396,10874.05,0,10874.85,0,10722.81
Coinbase,eth_usd,367.44,1601554545.18041,367.44,0,367.45,0,354.93
Coinbase,btc_usd,10873.22,1601554545.512206,10872.49,0,10873.23,0,10722.81
Coinbase,btc_usd,10871.89,1601554546.508533,10871.66,0,10871.89,0,10722.81
Coinbase,btc_usd,10871.64,1601554547.726882,10871.63,0,10871.64,0,10722.81
Coinbase,btc_usd,10871.64,1601554547.728349,10871.63,0,10871.64,0,10722.81
Coinbase,eth_usd,367.37,1601554549.101399,367.37,0,367.38,0,354.93
Coinbase,eth_eur,313.16,1601554549.495533,313.02,0,313.16,0,303.56
Coinbase,eth_usd,367.38,1601554549.960466,367.37,0,367.38,0,354.93
Coinbase,btc_usd,10872.17,1601554553.820707,10871.38,0,10872.17,0,10722.81
Coinbase,btc_eur,9267.2,1601554554.671477,9264.8,0,9267.2,0,9170.64
Coinbase,eth_usd,367.38,1601554555.672786,367.37,0,367.38,0,354.93
Coinbase,btc_usd,10871.38,1601554556.425651,10871.38,0,10871.39,0,10722.81
Coinbase,btc_usd,10871.39,1601554558.182696,10871.38,0,10871.39,0,10722.81
Coinbase,btc_usd,10871.39,1601554559.023893,10871.38,0,10871.39,0,10722.81
Coinbase,btc_usd,10871.39,1601554559.02591,10871.38,0,10871.39,0,10722.81
Coinbase,btc_usd,10871.39,1601554559.026269,10871.38,0,10871.39,0,10722.81
Coinbase,eth_usd,367.37,1601554562.213484,367.37,0,367.38,0,354.93
Coinbase,btc_eur,9265.79,1601554562.370941,9265.79,0,9267.43,0,9170.64
Coinbase,btc_eur,9265.79,1601554562.371435,9265.79,0,9267.43,0,9170.64
Coinbase,btc_usd,10872.07,1601554563.829712,10871.38,0,10872.07,0,10722.81
Coinbase,btc_eur,9265.62,1601554564.922379,9265.62,0,9267.42,0,9170.64
Coinbase,btc_usd,10872.11,1601554566.197769,10872.11,0,10872.12,0,10722.81
Coinbase,btc_eur,9267.96,1601554567.172912,9265.62,0,9267.96,0,9170.64
Coinbase,btc_eur,9267.9,1601554567.897914,9265.63,0,9267.9,0,9170.64
Coinbase,btc_usd,10872.14,1601554568.932726,10871.62,0,10872.14,0,10722.81
Coinbase,btc_usd,10871.62,1601554570.493979,10871.62,0,10871.95,0,10722.81
Coinbase,btc_usd,10871.39,1601554570.797707,10871.38,0,10871.39,0,10722.81
Coinbase,btc_eur,9267.23,1601554571.319306,9265.62,0,9267.23,0,9170.64
Coinbase,btc_eur,9265.77,1601554574.170761,9265.62,0,9265.77,0,9170.64
Coinbase,btc_usd,10871.38,1601554574.879256,10871.38,0,10871.39,0,10722.81
Coinbase,btc_usd,10871.38,1601554574.881104,10871.38,0,10871.39,0,10722.81
Coinbase,btc_usd,10871.38,1601554574.888342,10871.38,0,10871.39,0,10722.81
Coinbase,btc_usd,10871.38,1601554574.888717,10871.38,0,10871.39,0,10722.81
Coinbase,btc_usd,10871.38,1601554574.91569,10868.64,0,10871.39,0,10722.81
Coinbase,eth_usd,367.37,1601554575.742916,367.37,0,367.38,0,354.93
Coinbase,eth_usd,367.37,1601554575.830662,367.21,0,367.38,0,354.93
Coinbase,btc_usd,10868.98,1601554576.58594,10867.37,0,10868.99,0,10722.81
Coinbase,btc_eur,9265.62,1601554576.783388,9261.59,0,9265.76,0,9170.64
Coinbase,btc_usd,10867.06,1601554577.155753,10866.87,0,10867.07,0,10722.81
Coinbase,btc_usd,10866.87,1601554577.15623,10865.36,0,10867.07,0,10722.81
Coinbase,btc_usd,10865.36,1601554577.156589,10865.36,0,10867.07,0,10722.81
Coinbase,btc_usd,10867.12,1601554578.897816,10867.12,0,10867.21,0,10722.81
Coinbase,eth_usd,367.16,1601554579.390088,367.16,0,367.21,0,354.93
Coinbase,btc_usd,10867.21,1601554580.091695,10867.2,0,10867.21,0,10722.81
Coinbase,btc_usd,10867.2,1601554582.815399,10867.2,0,10867.21,0,10722.81
Coinbase,btc_usd,10867.21,1601554583.805004,10867.2,0,10867.21,0,10722.81
Coinbase,btc_usd,10867.2,1601554583.81473,10867.2,0,10867.21,0,10722.81
Coinbase,btc_usd,10867.21,1601554584.313531,10867.2,0,10867.21,0,10722.81
Coinbase,eth_usd,367.22,1601554586.102229,367.21,0,367.22,0,354.93
Coinbase,eth_usd,367.22,1601554586.104331,367.21,0,367.22,0,354.93
Coinbase,btc_usd,10867.2,1601554587.204383,10867.2,0,10867.21,0,10722.81
Coinbase,btc_usd,10867.21,1601554588.157876,10867.2,0,10867.21,0,10722.81
Coinbase,btc_usd,10867.21,1601554588.874404,10867.2,0,10867.21,0,10722.81
Coinbase,btc_eur,9265.21,1601554589.427092,9262.48,0,9265.24,0,9170.64
Coinbase,btc_eur,9265.24,1601554589.427545,9262.48,0,9265.24,0,9170.64
Coinbase,btc_usd,10867.2,1601554590.397151,10867.2,0,10867.21,0,10722.81
Coinbase,btc_eur,9264.74,1601554592.996225,9261.4,0,9264.75,0,9170.64
Coinbase,btc_eur,9264.75,1601554592.996592,9261.4,0,9264.75,0,9170.64
Coinbase,btc_usd,10867.2,1601554594.067456,10867.2,0,10867.21,0,10722.81
Coinbase,btc_usd,10869.0,1601554594.221401,10868.98,0,10869.82,0,10722.81
Coinbase,btc_usd,10868.98,1601554594.221885,10868.98,0,10869.82,0,10722.81
Coinbase,btc_usd,10868.44,1601554595.152537,10868.44,0,10869.21,0,10722.81
Coinbase,btc_usd,10869.04,1601554595.799018,10868.41,0,10869.04,0,10722.81
Coinbase,eth_usd,367.17,1601554596.289836,367.17,0,367.18,0,354.93
Coinbase,eth_usd,367.17,1601554597.766105,367.17,0,367.18,0,354.93
Coinbase,btc_usd,10867.21,1601554598.000065,10867.2,0,10867.21,0,10722.81
Coinbase,btc_usd,10867.21,1601554598.006698,10867.2,0,10867.51,0,10722.81
Coinbase,btc_usd,10867.51,1601554598.007216,10867.2,0,10867.51,0,10722.81
Coinbase,btc_usd,10867.21,1601554599.514289,10867.2,0,10867.21,0,10722.81
Coinbase,eth_eur,313.06,1601554600.152039,313.0,0,313.06,0,303.56
Coinbase,eth_eur,313.06,1601554600.152901,313.0,0,313.06,0,303.56
Coinbase,btc_usd,10867.2,1601554600.889032,10867.2,0,10867.21,0,10722.81
Coinbase,btc_usd,10867.21,1601554605.067987,10867.2,0,10867.21,0,10722.81
Coinbase,btc_usd,10867.21,1601554605.068594,10867.2,0,10867.21,0,10722.81
Coinbase,btc_usd,10867.21,1601554606.024627,10867.2,0,10867.21,0,10722.81
Coinbase,btc_usd,10867.21,1601554606.202478,10867.2,0,10867.21,0,10722.81
Coinbase,btc_usd,10867.21,1601554606.261887,10867.2,0,10867.21,0,10722.81
Coinbase,btc_usd,10867.21,1601554608.280011,10867.2,0,10867.21,0,10722.81
Coinbase,btc_eur,9263.49,1601554609.851061,9260.25,0,9263.49,0,9170.64
Coinbase,eth_usd,367.17,1601554610.126245,367.17,0,367.18,0,354.93
Coinbase,eth_usd,367.17,1601554610.702956,367.17,0,367.18,0,354.93
Coinbase,btc_eur,9263.49,1601554610.99779,9261.03,0,9263.49,0,9170.64
Coinbase,btc_eur,9263.49,1601554610.998571,9261.03,0,9263.49,0,9170.64
Coinbase,btc_usd,10867.21,1601554612.246245,10867.2,0,10867.21,0,10722.81
Coinbase,btc_usd,10867.21,1601554616.187722,10867.2,0,10867.21,0,10722.81
Coinbase,btc_usd,10867.21,1601554616.188408,10867.2,0,10867.21,0,10722.81
Coinbase,btc_usd,10867.21,1601554616.417197,10867.2,0,10867.21,0,10722.81
Coinbase,btc_usd,10867.21,1601554616.417731,10867.2,0,10867.21,0,10722.81
Coinbase,btc_usd,10867.21,1601554616.418648,10867.2,0,10867.21,0,10722.81
Coinbase,btc_usd,10867.21,1601554617.935593,10867.2,0,10867.21,0,10722.81
Coinbase,btc_eur,9262.17,1601554618.438442,9259.52,0,9262.17,0,9170.64
Coinbase,btc_usd,10867.21,1601554618.921428,10867.2,0,10867.21,0,10722.81
Coinbase,eth_eur,313.01,1601554619.65149,313.0,0,313.01,0,303.56
Coinbase,btc_usd,10867.21,1601554620.62148,10867.2,0,10867.21,0,10722.81
Coinbase,eth_eur,313.0,1601554624.703808,313.0,0,313.01,0,303.56
Coinbase,eth_usd,367.18,1601554626.897404,367.17,0,367.18,0,354.93
Coinbase,btc_eur,9260.96,1601554628.566319,9259.71,0,9260.96,0,9170.64
Coinbase,eth_usd,367.17,1601554628.614502,367.17,0,367.18,0,354.93
Coinbase,btc_eur,9262.04,1601554629.88102,9259.03,0,9262.04,0,9170.64
Coinbase,btc_usd,10867.21,1601554630.640133,10867.2,0,10867.21,0,10722.81
Coinbase,btc_usd,10867.21,1601554632.413512,10867.2,0,10867.21,0,10722.81
Coinbase,eth_eur,313.0,1601554633.337609,312.88,0,313.01,0,303.56
Coinbase,btc_usd,10867.21,1601554634.859052,10867.2,0,10867.21,0,10722.81
Coinbase,btc_usd,10867.21,1601554634.859521,10867.2,0,10867.21,0,10722.81
Coinbase,btc_usd,10867.21,1601554634.861225,10867.2,0,10867.21,0,10722.81
Coinbase,eth_usd,367.17,1601554634.905982,367.16,0,367.17,0,354.93
Coinbase,btc_usd,10867.21,1601554635.456883,10867.2,0,10867.21,0,10722.81
Coinbase,eth_usd,367.16,1601554635.621633,367.16,0,367.17,0,354.93
Coinbase,btc_eur,9259.03,1601554636.607779,9259.03,0,9261.32,0,9170.64
Coinbase,btc_usd,10867.21,1601554636.782926,10867.2,0,10867.21,0,10722.81
Coinbase,btc_usd,10867.21,1601554636.783434,10867.2,0,10867.21,0,10722.81
Coinbase,btc_usd,10867.21,1601554636.783815,10867.2,0,10867.21,0,10722.81
Coinbase,btc_usd,10867.2,1601554638.988977,10867.2,0,10867.21,0,10722.81
Coinbase,btc_usd,10867.21,1601554639.031336,10867.2,0,10867.21,0,10722.81
Coinbase,eth_usd,367.17,1601554639.570011,367.16,0,367.17,0,354.93
Coinbase,eth_eur,312.86,1601554641.527848,312.72,0,312.86,0,303.56
Coinbase,btc_usd,10867.2,1601554642.200534,10867.2,0,10867.21,0,10722.81
Coinbase,btc_usd,10867.2,1601554642.201757,10867.2,0,10867.21,0,10722.81
Coinbase,btc_usd,10866.92,1601554642.451754,10866.1,0,10866.92,0,10722.81
Coinbase,btc_usd,10866.84,1601554643.256128,10866.58,0,10866.84,0,10722.81
Coinbase,eth_usd,367.16,1601554644.01443,367.16,0,367.17,0,354.93
Coinbase,btc_usd,10866.54,1601554646.283384,10866.12,0,10866.54,0,10722.81
Coinbase,btc_usd,10865.78,1601554647.79031,10865.78,0,10866.4,0,10722.81
Coinbase,btc_usd,10866.02,1601554649.044714,10865.62,0,10866.61,0,10722.81
Coinbase,btc_usd,10865.62,1601554649.045288,10865.49,0,10866.61,0,10722.81
Coinbase,btc_usd,10865.49,1601554649.045644,10865.09,0,10866.61,0,10722.81
Coinbase,btc_usd,10865.09,1601554649.046,10865.0,0,10866.61,0,10722.81
Coinbase,btc_usd,10865.0,1601554649.046353,10864.45,0,10866.61,0,10722.81
Coinbase,btc_usd,10864.45,1601554649.046707,10864.45,0,10866.61,0,10722.81
Coinbase,btc_usd,10866.38,1601554649.792789,10865.38,0,10866.38,0,10722.81
Coinbase,btc_usd,10865.33,1601554651.340536,10865.33,0,10866.37,0,10722.81
Coinbase,btc_eur,9261.04,1601554653.605788,9258.34,0,9261.04,0,9170.64
Coinbase,btc_usd,10867.07,1601554654.048205,10866.44,0,10867.07,0,10722.81
Coinbase,eth_eur,312.71,1601554654.640278,312.71,0,312.88,0,303.56
Coinbase,btc_usd,10866.56,1601554654.869319,10866.32,0,10866.56,0,10722.81
Coinbase,btc_usd,10866.7,1601554656.128842,10866.32,0,10866.7,0,10722.81
Coinbase,btc_usd,10866.16,1601554660.735455,10866.02,0,10866.16,0,10722.81
Coinbase,btc_usd,10865.77,1601554661.775857,10865.61,0,10865.77,0,10722.81
Coinbase,btc_usd,10866.09,1601554663.599247,10866.08,0,10866.09,0,10722.81
Coinbase,btc_usd,10866.87,1601554665.614287,10866.86,0,10866.87,0,10722.81
Coinbase,btc_usd,10866.83,1601554666.666556,10866.41,0,10866.83,0,10722.81
Coinbase,btc_usd,10866.84,1601554666.908647,10866.83,0,10867.21,0,10722.81
Coinbase,btc_usd,10867.21,1601554666.909164,10866.83,0,10867.21,0,10722.81
Coinbase,btc_eur,9261.94,1601554668.666725,9259.05,0,9261.94,0,9170.64
Coinbase,eth_usd,367.16,1601554671.968433,367.16,0,367.17,0,354.93
Coinbase,btc_eur,9262.29,1601554673.195034,9259.45,0,9262.3,0,9170.64
Coinbase,btc_eur,9262.3,1601554673.195586,9259.45,0,9262.3,0,9170.64
Coinbase,btc_eur,9262.28,1601554673.409775,9259.45,0,9262.6,0,9170.64
Coinbase,btc_eur,9262.6,1601554673.4161,9259.45,0,9262.61,0,9170.64
Coinbase,btc_eur,9262.61,1601554673.416457,9259.45,0,9262.61,0,9170.64
Coinbase,btc_eur,9259.67,1601554674.548467,9259.67,0,9262.26,0,9170.64
Coinbase,btc_eur,9259.67,1601554677.397597,9259.67,0,9262.24,0,9170.64
Coinbase,btc_eur,9259.71,1601554677.398224,9259.71,0,9262.22,0,9170.64
Coinbase,btc_usd,10866.81,1601554677.398579,10866.08,0,10866.81,0,10722.81
Coinbase,btc_usd,10866.81,1601554677.39893,10866.08,0,10866.81,0,10722.81
Coinbase,btc_usd,10866.66,1601554677.399282,10866.1,0,10866.66,0,10722.81
Coinbase,btc_usd,10866.86,1601554677.399633,10866.17,0,10866.86,0,10722.81
Coinbase,btc_usd,10866.56,1601554677.678667,10866.56,0,10867.21,0,10722.81
Coinbase,btc_eur,9259.13,1601554677.796381,9259.13,0,9261.49,0,9170.64
Coinbase,btc_usd,10866.81,1601554678.766487,10866.15,0,10866.81,0,10722.81
Coinbase,btc_usd,10867.21,1601554680.648627,10867.2,0,10867.21,0,10722.81
Coinbase,btc_usd,10865.48,1601554682.029682,10864.81,0,10865.48,0,10722.81
Coinbase,btc_eur,9260.46,1601554683.53596,9258.02,0,9260.46,0,9170.64
Coinbase,btc_eur,9258.03,1601554685.188813,9258.03,0,9260.46,0,9170.64
Coinbase,eth_eur,312.72,1601554685.619527,312.69,0,312.89,0,303.56
Coinbase,eth_eur,312.69,1601554685.620348,312.69,0,312.89,0,303.56
Coinbase,btc_eur,9259.81,1601554686.61642,9256.88,0,9259.81,0,9170.64
Coinbase,eth_usd,367.17,1601554689.129704,367.16,0,367.17,0,354.93
Coinbase,btc_eur,9259.79,1601554689.624941,9256.88,0,9259.79,0,9170.64
Coinbase,eth_usd,367.16,1601554689.939226,367.16,0,367.17,0,354.93
Coinbase,eth_usd,367.16,1601554689.960086,367.01,0,367.17,0,354.93
Coinbase,btc_usd,10865.04,1601554689.973298,10864.78,0,10865.04,0,10722.81
Coinbase,eth_usd,367.05,1601554690.623066,367.01,0,367.05,0,354.93
Coinbase,eth_usd,367.01,1601554690.623799,367.01,0,367.05,0,354.93
Coinbase,eth_usd,367.01,1601554690.624157,367.01,0,367.05,0,354.93
Coinbase,eth_usd,367.01,1601554690.624509,367.01,0,367.05,0,354.93
Coinbase,eth_usd,367.01,1601554690.624862,367.0,0,367.05,0,354.93
Coinbase,eth_usd,367.0,1601554690.625216,366.95,0,367.05,0,354.93
Coinbase,eth_usd,366.98,1601554690.647357,366.96,0,366.98,0,354.93
Coinbase,btc_eur,9259.73,1601554690.890878,9256.89,0,9259.73,0,9170.64
Coinbase,btc_usd,10865.5,1601554691.152375,10864.86,0,10865.5,0,10722.81
Coinbase,btc_eur,9259.64,1601554693.811372,9257.83,0,9259.64,0,9170.64
Coinbase,btc_eur,9258.17,1601554694.800919,9258.17,0,9260.52,0,9170.64
Coinbase,btc_eur,9260.52,1601554695.067863,9258.17,0,9260.52,0,9170.64
Coinbase,btc_eur,9258.17,1601554695.30365,9258.17,0,9260.52,0,9170.64
Coinbase,btc_usd,10866.14,1601554696.939675,10866.14,0,10867.14,0,10722.81
Coinbase,eth_usd,366.98,1601554697.212747,366.97,0,366.98,0,354.93
Coinbase,eth_usd,366.98,1601554697.217461,366.97,0,366.98,0,354.93
Coinbase,eth_usd,366.98,1601554697.217838,366.97,0,367.08,0,354.93
Coinbase,eth_usd,367.08,1601554697.218195,366.97,0,367.08,0,354.93
Coinbase,eth_usd,367.08,1601554697.218545,366.97,0,367.08,0,354.93
Coinbase,eth_usd,367.08,1601554697.218896,366.97,0,367.1,0,354.93
Coinbase,eth_usd,367.1,1601554697.219552,366.97,0,367.1,0,354.93
Coinbase,eth_usd,367.02,1601554697.404048,367.02,0,367.1,0,354.93
Coinbase,btc_eur,9259.03,1601554698.373899,9259.03,0,9260.62,0,9170.64
Coinbase,eth_usd,367.14,1601554698.688252,367.1,0,367.14,0,354.93
Coinbase,btc_eur,9259.03,1601554699.15093,9259.03,0,9260.62,0,9170.64
Coinbase,btc_eur,9260.61,1601554699.918417,9259.03,0,9260.62,0,9170.64
Coinbase,btc_eur,9260.62,1601554699.920047,9259.03,0,9260.64,0,9170.64
Coinbase,btc_eur,9260.64,1601554699.920448,9259.03,0,9260.67,0,9170.64
Coinbase,btc_eur,9260.67,1601554699.920965,9259.03,0,9260.88,0,9170.64
Coinbase,btc_eur,9260.88,1601554699.921861,9259.03,0,9260.88,0,9170.64
Coinbase,btc_usd,10866.82,1601554699.942461,10866.19,0,10866.82,0,10722.81
Coinbase,eth_usd,367.12,1601554700.518974,367.06,0,367.12,0,354.93
Coinbase,btc_usd,10867.03,1601554701.110048,10865.83,0,10867.03,0,10722.81
Coinbase,btc_eur,9261.31,1601554702.47578,9259.52,0,9261.31,0,9170.64
Coinbase,eth_usd,367.08,1601554703.824585,367.02,0,367.08,0,354.93
Coinbase,btc_usd,10866.46,1601554705.964481,10866.45,0,10866.46,0,10722.81
Coinbase,btc_usd,10866.45,1601554706.171484,10866.45,0,10866.46,0,10722.81
Coinbase,btc_usd,10867.21,1601554710.028346,10867.2,0,10867.21,0,10722.81
Coinbase,btc_eur,9265.24,1601554710.203186,9262.68,0,9265.24,0,9170.64
Coinbase,btc_usd,10867.21,1601554710.899316,10867.2,0,10867.21,0,10722.81
Coinbase,eth_usd,367.15,1601554711.611215,367.15,0,367.16,0,354.93
Coinbase,btc_usd,10867.21,1601554711.996261,10867.2,0,10867.21,0,10722.81
Coinbase,btc_usd,10867.21,1601554712.244485,10867.2,0,10867.21,0,10722.81
Coinbase,btc_usd,10867.21,1601554712.319544,10867.2,0,10870.73,0,10722.81
Coinbase,btc_eur,9262.68,1601554712.331575,9262.68,0,9265.2,0,9170.64
Coinbase,btc_usd,10870.29,1601554714.026711,10870.29,0,10870.72,0,10722.81
Coinbase,btc_eur,9265.69,1601554714.40753,9262.68,0,9265.69,0,9170.64
Coinbase,btc_usd,10870.28,1601554715.871871,10870.27,0,10870.81,0,10722.81
Coinbase,btc_usd,10870.27,1601554715.872565,10870.27,0,10870.81,0,10722.81
Coinbase,eth_usd,367.16,1601554716.867427,367.15,0,367.16,0,354.93
Coinbase,eth_usd,367.16,1601554721.018568,367.15,0,367.16,0,354.93
Coinbase,btc_usd,10870.4,1601554722.073542,10870.27,0,10870.4,0,10722.81
Coinbase,eth_eur,313.01,1601554722.292336,312.97,0,313.01,0,303.56
Coinbase,btc_usd,10870.4,1601554722.776941,10870.27,0,10870.4,0,10722.81
Coinbase,eth_eur,313.01,1601554723.055912,312.97,0,313.01,0,303.56
Coinbase,btc_usd,10870.27,1601554724.725471,10867.81,0,10870.28,0,10722.81
Coinbase,btc_usd,10867.81,1601554724.726375,10867.81,0,10870.28,0,10722.81
Coinbase,btc_usd,10869.62,1601554725.091501,10868.75,0,10869.62,0,10722.81
Coinbase,btc_usd,10869.64,1601554726.909679,10868.89,0,10869.64,0,10722.81
Coinbase,eth_eur,313.0,1601554727.485786,312.97,0,313.0,0,303.56
Coinbase,btc_usd,10869.84,1601554728.224325,10869.14,0,10869.84,0,10722.81
Coinbase,btc_usd,10870.06,1601554730.553508,10869.13,0,10870.06,0,10722.81
Coinbase,btc_usd,10870.26,1601554730.731194,10869.17,0,10870.26,0,10722.81
Coinbase,eth_eur,312.99,1601554732.382148,312.97,0,312.99,0,303.56
Coinbase,btc_eur,9262.68,1601554732.393782,9262.68,0,9265.32,0,9170.64
Coinbase,btc_eur,9265.31,1601554732.922312,9262.68,0,9265.31,0,9170.64
Coinbase,btc_usd,10869.53,1601554734.127918,10869.53,0,10870.4,0,10722.81
Coinbase,btc_eur,9265.24,1601554735.151664,9262.68,0,9265.24,0,9170.64
Coinbase,btc_usd,10870.41,1601554735.464892,10870.4,0,10870.41,0,10722.81
Coinbase,btc_eur,9265.23,1601554736.118895,9262.68,0,9265.23,0,9170.64
Coinbase,eth_usd,367.16,1601554736.820157,367.15,0,367.16,0,354.93
Coinbase,btc_usd,10869.71,1601554737.971284,10868.79,0,10869.71,0,10722.81
Coinbase,btc_usd,10869.7,1601554738.031167,10868.82,0,10869.7,0,10722.81
Coinbase,eth_usd,367.15,1601554739.92737,367.15,0,367.16,0,354.93
Coinbase,btc_usd,10869.71,1601554739.940117,10869.7,0,10869.71,0,10722.81
Coinbase,btc_usd,10869.71,1601554740.107973,10869.7,0,10869.71,0,10722.81
Coinbase,eth_eur,312.97,1601554740.684069,312.97,0,312.98,0,303.56
Coinbase,eth_eur,312.97,1601554741.255996,312.81,0,312.98,0,303.56
Coinbase,eth_eur,312.81,1601554741.256542,312.81,0,312.98,0,303.56
Coinbase,btc_usd,10870.28,1601554741.483164,10869.65,0,10870.28,0,10722.81
Coinbase,btc_usd,10870.4,1601554742.672148,10869.65,0,10870.4,0,10722.81
Coinbase,btc_usd,10870.4,1601554742.672806,10869.65,0,10870.4,0,10722.81
Coinbase,btc_eur,9265.27,1601554743.206732,9262.68,0,9265.27,0,9170.64
Coinbase,btc_eur,9265.27,1601554743.207289,9262.68,0,9265.28,0,9170.64
Coinbase,btc_eur,9265.28,1601554743.209307,9262.68,0,9265.28,0,9170.64
Coinbase,btc_eur,9265.23,1601554744.89184,9262.68,0,9265.23,0,9170.64
Coinbase,eth_usd,367.11,1601554746.752313,367.11,0,367.12,0,354.93
Coinbase,eth_usd,367.12,1601554747.022148,367.11,0,367.12,0,354.93
Coinbase,eth_eur,312.95,1601554747.411192,312.81,0,312.95,0,303.56
Coinbase,btc_usd,10869.87,1601554748.285201,10869.87,0,10869.88,0,10722.81
Coinbase,btc_usd,10869.88,1601554750.216337,10869.87,0,10869.88,0,10722.81
Coinbase,eth_usd,367.15,1601554750.548536,367.15,0,367.16,0,354.93
Coinbase,eth_eur,312.95,1601554750.662963,312.82,0,312.95,0,303.56
Coinbase,eth_usd,367.15,1601554750.735693,367.15,0,367.16,0,354.93
Coinbase,eth_usd,367.15,1601554751.517264,367.15,0,367.16,0,354.93
Coinbase,eth_usd,367.15,1601554751.777526,367.15,0,367.16,0,354.93
Coinbase,eth_usd,367.15,1601554752.006769,367.15,0,367.16,0,354.93
Coinbase,eth_usd,367.15,1601554752.00721,367.15,0,367.16,0,354.93
Coinbase,btc_usd,10869.88,1601554754.260771,10869.87,0,10869.88,0,10722.81
Coinbase,eth_eur,312.95,1601554756.985719,312.83,0,312.95,0,303.56
Coinbase,eth_usd,367.15,1601554758.021063,367.15,0,367.16,0,354.93
Coinbase,eth_usd,367.15,1601554758.021578,367.15,0,367.16,0,354.93
Coinbase,btc_usd,10869.87,1601554761.495155,10869.87,0,10869.88,0,10722.81
Coinbase,btc_eur,9264.05,1601554762.882543,9262.34,0,9264.05,0,9170.64
Coinbase,eth_usd,367.16,1601554763.120939,367.15,0,367.16,0,354.93
Coinbase,eth_usd,367.16,1601554763.121529,367.15,0,367.16,0,354.93
Coinbase,eth_usd,367.16,1601554763.124257,367.15,0,367.27,0,354.93
Coinbase,eth_usd,367.27,1601554763.124755,367.15,0,367.27,0,354.93
Coinbase,eth_usd,367.16,1601554763.811513,367.14,0,367.16,0,354.93
Coinbase,btc_usd,10869.87,1601554763.826472,10869.87,0,10869.88,0,10722.81
Coinbase,eth_usd,367.16,1601554764.586171,367.15,0,367.16,0,354.93
Coinbase,eth_usd,367.16,1601554764.595969,367.15,0,367.16,0,354.93
Coinbase,btc_eur,9263.04,1601554765.359018,9263.04,0,9264.14,0,9170.64
Coinbase,eth_usd,367.16,1601554765.654835,367.15,0,367.16,0,354.93
Coinbase,btc_usd,10869.78,1601554769.054108,10869.78,0,10869.79,0,10722.81
Coinbase,btc_usd,10869.79,1601554769.10782,10869.78,0,10869.79,0,10722.81
Coinbase,btc_usd,10869.79,1601554771.353639,10869.78,0,10869.79,0,10722.81
Coinbase,btc_usd,10869.79,1601554771.752014,10869.78,0,10869.79,0,10722.81
Coinbase,btc_usd,10869.79,1601554771.752615,10869.78,0,10871.77,0,10722.81
Coinbase,btc_usd,10871.77,1601554771.753818,10869.78,0,10871.8,0,10722.81
Coinbase,btc_usd,10871.8,1601554771.754466,10869.78,0,10871.8,0,10722.81
Coinbase,btc_usd,10871.25,1601554772.136906,10869.79,0,10871.25,0,10722.81
Coinbase,eth_usd,367.16,1601554772.690079,367.15,0,367.16,0,354.93
Coinbase,btc_usd,10870.05,1601554772.916407,10870.05,0,10871.1,0,10722.81
Coinbase,btc_eur,9263.64,1601554773.105803,9262.62,0,9263.64,0,9170.64
Coinbase,btc_usd,10871.12,1601554774.064972,10870.14,0,10871.12,0,10722.81
Coinbase,eth_eur,312.86,1601554774.094388,312.86,0,312.99,0,303.56
Coinbase,btc_usd,10871.17,1601554774.668825,10869.87,0,10871.17,0,10722.81
Coinbase,btc_usd,10871.19,1601554775.549523,10870.61,0,10871.19,0,10722.81
Coinbase,btc_usd,10871.19,1601554775.926234,10870.18,0,10871.26,0,10722.81
Coinbase,btc_usd,10871.26,1601554775.926741,10870.18,0,10871.26,0,10722.81
Coinbase,btc_eur,9264.14,1601554777.253303,9262.98,0,9264.14,0,9170.64
Coinbase,btc_eur,9264.14,1601554777.253905,9262.98,0,9265.36,0,9170.64
Coinbase,btc_eur,9265.36,1601554777.255506,9262.98,0,9265.66,0,9170.64
Coinbase,btc_eur,9265.66,1601554777.255919,9262.98,0,9265.66,0,9170.64
Coinbase,btc_usd,10871.6,1601554777.374434,10870.64,0,10871.6,0,10722.81
Coinbase,btc_eur,9264.67,1601554779.503636,9262.98,0,9265.66,0,9170.64
Coinbase,btc_eur,9265.66,1601554779.504243,9262.98,0,9265.66,0,9170.64
Coinbase,btc_eur,9265.74,1601554781.172831,9264.57,0,9265.74,0,9170.64
Coinbase,btc_usd,10872.61,1601554782.763948,10871.93,0,10872.61,0,10722.81
Coinbase,btc_usd,10872.6,1601554782.964512,10872.6,0,10872.61,0,10722.81
Coinbase,btc_eur,9265.74,1601554783.864653,9264.57,0,9266.74,0,9170.64
Coinbase,btc_eur,9266.74,1601554783.865235,9264.57,0,9266.74,0,9170.64
Coinbase,btc_usd,10871.91,1601554784.411896,10871.91,0,10873.04,0,10722.81
Coinbase,eth_usd,367.16,1601554784.795356,367.15,0,367.16,0,354.93
Coinbase,eth_usd,367.16,1601554784.796269,367.15,0,367.16,0,354.93
Coinbase,eth_usd,367.16,1601554784.796974,367.15,0,367.16,0,354.93
Coinbase,eth_usd,367.16,1601554784.797736,367.15,0,367.33,0,354.93
Coinbase,eth_usd,367.33,1601554784.799534,367.15,0,367.33,0,354.93
Coinbase,eth_usd,367.25,1601554786.004,367.25,0,367.29,0,354.93
Coinbase,btc_usd,10874.53,1601554791.650642,10873.83,0,10874.53,0,10722.81
Coinbase,eth_usd,367.37,1601554791.856929,367.31,0,367.37,0,354.93
Coinbase,btc_usd,10874.08,1601554792.828854,10874.08,0,10874.09,0,10722.81
Coinbase,btc_usd,10874.09,1601554792.875834,10874.08,0,10874.09,0,10722.81
Coinbase,btc_usd,10873.99,1601554794.526756,10873.8,0,10873.99,0,10722.81
Coinbase,btc_eur,9266.05,1601554796.09886,9266.05,0,9268.08,0,9170.64
Coinbase,btc_usd,10874.17,1601554796.629014,10874.16,0,10874.17,0,10722.81
Coinbase,eth_usd,367.28,1601554799.799823,367.27,0,367.28,0,354.93
Coinbase,btc_eur,9266.15,1601554801.415029,9266.15,0,9268.33,0,9170.64
Coinbase,btc_eur,9266.15,1601554801.664673,9266.15,0,9268.33,0,9170.64
Coinbase,btc_usd,10874.28,1601554801.83506,10874.27,0,10874.28,0,10722.81
Coinbase,btc_usd,10873.8,1601554801.919348,10873.8,0,10874.17,0,10722.81
Coinbase,eth_eur,312.99,1601554804.3663,312.99,0,313.0,0,303.56
Coinbase,eth_usd,367.37,1601554807.240324,367.36,0,367.37,0,354.93
Coinbase,eth_usd,367.36,1601554807.958005,367.36,0,367.37,0,354.93
Coinbase,btc_eur,9268.16,1601554809.031003,9266.16,0,9268.17,0,9170.64
Coinbase,btc_eur,9268.17,1601554809.032172,9266.16,0,9268.31,0,9170.64
Coinbase,btc_eur,9268.31,1601554809.032534,9266.16,0,9268.58,0,9170.64
Coinbase,btc_eur,9268.58,1601554809.03323,9266.16,0,9268.64,0,9170.64
Coinbase,btc_eur,9268.64,1601554809.034428,9266.16,0,9269.15,0,9170.64
Coinbase,btc_eur,9269.15,1601554809.034838,9266.16,0,9269.17,0,9170.64
Coinbase,btc_eur,9269.17,1601554809.035511,9266.16,0,9269.17,0,9170.64
Coinbase,eth_usd,367.37,1601554809.713255,367.36,0,367.37,0,354.93
Coinbase,btc_usd,10874.78,1601554809.991929,10873.96,0,10874.78,0,10722.81
Coinbase,btc_usd,10873.96,1601554811.027514,10873.96,0,10874.86,0,10722.81
Coinbase,btc_usd,10874.88,1601554811.07319,10873.95,0,10874.88,0,10722.81
Coinbase,btc_usd,10875.29,1601554811.26139,10874.32,0,10875.29,0,10722.81
Coinbase,btc_usd,10874.82,1601554812.840796,10873.99,0,10874.82,0,10722.81
Coinbase,eth_eur,312.99,1601554813.542391,312.99,0,313.0,0,303.56
Coinbase,btc_usd,10874.46,1601554814.575593,10873.96,0,10874.46,0,10722.81
Coinbase,eth_usd,367.31,1601554815.604712,367.22,0,367.32,0,354.93
Coinbase,btc_usd,10873.95,1601554815.742273,10873.25,0,10873.96,0,10722.81
Coinbase,eth_usd,367.16,1601554823.509146,367.15,0,367.16,0,354.93
Coinbase,btc_eur,9261.33,1601554827.124678,9261.33,0,9264.63,0,9170.64
Coinbase,btc_eur,9264.59,1601554827.470868,9260.35,0,9264.59,0,9170.64
Coinbase,eth_usd,367.15,1601554828.753303,367.15,0,367.16,0,354.93
Coinbase,eth_usd,367.15,1601554829.521322,367.15,0,367.16,0,354.93
Coinbase,eth_usd,367.15,1601554829.523305,367.15,0,367.16,0,354.93
Coinbase,btc_usd,10869.0,1601554829.817071,10866.57,0,10869.01,0,10722.81
Coinbase,btc_usd,10866.86,1601554829.998423,10865.63,0,10866.86,0,10722.81
Coinbase,eth_usd,367.16,1601554830.334904,367.15,0,367.16,0,354.93
Coinbase,eth_usd,367.15,1601554830.550734,366.93,0,367.16,0,354.93
Coinbase,eth_usd,366.93,1601554830.551338,366.93,0,367.16,0,354.93
Coinbase,btc_usd,10867.13,1601554831.522782,10866.3,0,10867.13,0,10722.81
Coinbase,eth_usd,366.94,1601554832.634819,366.94,0,366.97,0,354.93
Coinbase,btc_eur,9259.77,1601554833.213495,9259.77,0,9263.72,0,9170.64
Coinbase,eth_eur,312.61,1601554835.090202,312.61,0,312.87,0,303.56
Coinbase,eth_eur,312.61,1601554836.356804,312.61,0,312.86,0,303.56
Coinbase,btc_usd,10867.84,1601554838.723291,10867.83,0,10867.84,0,10722.81
Coinbase,btc_usd,10867.84,1601554839.390363,10867.83,0,10867.84,0,10722.81
Coinbase,eth_eur,312.61,1601554841.81706,312.61,0,312.82,0,303.56
Coinbase,btc_usd,10868.79,1601554845.057962,10867.97,0,10868.79,0,10722.81
Coinbase,btc_usd,10867.54,1601554845.802045,10867.42,0,10868.08,0,10722.81
Coinbase,btc_usd,10867.42,1601554845.803558,10867.42,0,10868.08,0,10722.81
Coinbase,btc_usd,10868.02,1601554846.810522,10867.39,0,10868.02,0,10722.81
Coinbase,btc_eur,9260.13,1601554846.931223,9260.13,0,9263.47,0,9170.64
Coinbase,btc_usd,10868.06,1601554848.320957,10867.55,0,10868.06,0,10722.81
Coinbase,btc_usd,10867.03,1601554850.569117,10866.88,0,10867.03,0,10722.81
Coinbase,btc_usd,10867.02,1601554854.925168,10866.48,0,10867.02,0,10722.81
Coinbase,btc_usd,10867.03,1601554855.353462,10867.02,0,10867.03,0,10722.81
Coinbase,btc_usd,10867.02,1601554855.912047,10867.02,0,10867.03,0,10722.81
Coinbase,btc_eur,9263.28,1601554859.965958,9261.06,0,9263.28,0,9170.64
Coinbase,eth_eur,312.59,1601554860.453824,312.59,0,312.78,0,303.56
Coinbase,btc_eur,9263.46,1601554861.725425,9260.84,0,9263.46,0,9170.64
Coinbase,eth_usd,367.05,1601554862.141987,366.98,0,367.05,0,354.93
Coinbase,eth_usd,366.99,1601554862.444678,366.93,0,366.99,0,354.93
Coinbase,btc_usd,10868.24,1601554862.957678,10868.24,0,10868.69,0,10722.81
Coinbase,btc_usd,10868.17,1601554863.225509,10868.17,0,10868.71,0,10722.81
Coinbase,btc_usd,10868.17,1601554863.535902,10868.17,0,10868.18,0,10722.81
Coinbase,btc_usd,10868.17,1601554863.576174,10868.17,0,10868.18,0,10722.81
Coinbase,btc_usd,10868.17,1601554863.594995,10868.17,0,10868.18,0,10722.81
Coinbase,eth_usd,366.98,1601554863.601635,366.91,0,366.98,0,354.93
Coinbase,eth_usd,366.98,1601554863.602,366.91,0,366.98,0,354.93
Coinbase,eth_usd,366.98,1601554863.602383,366.91,0,366.98,0,354.93
Coinbase,eth_usd,366.98,1601554863.610674,366.91,0,366.98,0,354.93
Coinbase,eth_usd,366.98,1601554863.611245,366.91,0,366.98,0,354.93
Coinbase,eth_usd,366.98,1601554863.611597,366.91,0,366.98,0,354.93
Coinbase,eth_usd,366.98,1601554863.611948,366.91,0,366.99,0,354.93
Coinbase,eth_usd,366.99,1601554863.612299,366.91,0,367.0,0,354.93
Coinbase,eth_usd,367.0,1601554863.612748,366.91,0,367.0,0,354.93
Coinbase,btc_usd,10868.76,1601554863.804036,10868.76,0,10869.6,0,10722.81
Coinbase,btc_usd,10869.59,1601554864.235516,10869.59,0,10869.6,0,10722.81
Coinbase,btc_usd,10869.6,1601554864.991621,10869.59,0,10869.6,0,10722.81
Coinbase,btc_usd,10869.59,1601554866.580226,10869.59,0,10869.6,0,10722.81
Coinbase,btc_usd,10869.6,1601554867.844515,10869.59,0,10869.6,0,10722.81
Coinbase,btc_usd,10869.6,1601554869.266251,10869.59,0,10869.6,0,10722.81
Coinbase,btc_usd,10869.59,1601554871.223715,10869.59,0,10869.6,0,10722.81
Coinbase,btc_eur,9263.86,1601554873.488287,9263.86,0,9265.97,0,9170.64
Coinbase,btc_eur,9263.86,1601554875.488313,9263.86,0,9265.93,0,9170.64
Coinbase,btc_usd,10869.6,1601554876.034392,10869.59,0,10870.0,0,10722.81
Coinbase,btc_usd,10870.0,1601554876.034988,10869.59,0,10870.0,0,10722.81
Coinbase,eth_eur,312.8,1601554876.269731,312.65,0,312.8,0,303.56
Coinbase,btc_usd,10870.0,1601554876.729801,10869.99,0,10870.0,0,10722.81
Coinbase,btc_eur,9265.91,1601554877.241766,9263.86,0,9265.91,0,9170.64
Coinbase,btc_usd,10869.99,1601554878.399879,10869.99,0,10870.0,0,10722.81
Coinbase,btc_usd,10870.0,1601554879.210892,10869.99,0,10870.0,0,10722.81
Coinbase,btc_usd,10870.0,1601554880.37277,10869.99,0,10870.0,0,10722.81
Coinbase,btc_usd,10870.0,1601554881.266082,10869.99,0,10870.0,0,10722.81
Coinbase,btc_usd,10870.0,1601554881.607736,10869.99,0,10870.0,0,10722.81
Coinbase,eth_usd,366.99,1601554882.449462,366.98,0,366.99,0,354.93
Coinbase,btc_usd,10869.99,1601554882.741801,10869.99,0,10870.0,0,10722.81
Coinbase,eth_eur,312.57,1601554884.896499,312.57,0,312.76,0,303.56
Coinbase,btc_usd,10870.0,1601554887.394577,10869.99,0,10870.0,0,10722.81
Coinbase,btc_eur,9264.95,1601554887.4555,9262.3,0,9264.95,0,9170.64
Coinbase,btc_usd,10870.0,1601554887.62104,10869.99,0,10870.0,0,10722.81
Coinbase,eth_usd,366.96,1601554888.927995,366.9,0,366.96,0,354.93
Coinbase,btc_usd,10870.0,1601554889.699652,10869.99,0,10870.0,0,10722.81
Coinbase,btc_usd,10870.0,1601554889.700434,10869.99,0,10870.0,0,10722.81
Coinbase,btc_usd,10870.0,1601554891.749144,10869.99,0,10870.0,0,10722.81
Coinbase,btc_usd,10870.0,1601554892.219136,10869.99,0,10870.0,0,10722.81
Coinbase,btc_usd,10870.0,1601554892.52779,10869.99,0,10870.0,0,10722.81
Coinbase,btc_usd,10870.0,1601554893.373719,10869.99,0,10870.0,0,10722.81
Coinbase,btc_usd,10869.99,1601554893.640123,10869.99,0,10870.0,0,10722.81
Coinbase,btc_usd,10870.0,1601554894.051401,10869.99,0,10870.0,0,10722.81
Coinbase,btc_usd,10870.0,1601554894.267709,10869.99,0,10870.0,0,10722.81
Coinbase,eth_usd,366.96,1601554894.595674,366.9,0,366.96,0,354.93
Coinbase,btc_usd,10870.0,1601554897.306634,10869.99,0,10870.0,0,10722.81
Coinbase,btc_usd,10870.0,1601554897.496298,10869.99,0,10870.0,0,10722.81
Coinbase,btc_usd,10870.0,1601554898.052196,10869.99,0,10870.0,0,10722.81
Coinbase,btc_usd,10869.99,1601554899.068272,10869.99,0,10870.0,0,10722.81
Coinbase,btc_usd,10869.99,1601554900.356524,10869.99,0,10870.0,0,10722.81
Coinbase,btc_usd,10870.0,1601554900.443548,10869.99,0,10870.0,0,10722.81
Coinbase,eth_usd,366.97,1601554901.863318,366.95,0,366.97,0,354.93
Coinbase,btc_usd,10870.0,1601554902.238259,10869.99,0,10870.0,0,10722.81
Coinbase,btc_usd,10870.0,1601554902.607818,10869.99,0,10870.0,0,10722.81
Coinbase,btc_usd,10869.99,1601554903.415267,10869.99,0,10870.0,0,10722.81
Coinbase,btc_usd,10870.0,1601554904.353039,10869.99,0,10870.0,0,10722.81
Coinbase,btc_usd,10870.0,1601554904.828494,10869.99,0,10870.0,0,10722.81
Coinbase,eth_usd,366.89,1601554905.01033,366.89,0,366.94,0,354.93
Coinbase,eth_usd,366.94,1601554907.842877,366.89,0,366.95,0,354.93
Coinbase,eth_usd,366.95,1601554907.843873,366.89,0,366.95,0,354.93
Coinbase,btc_usd,10870.0,1601554907.844359,10869.99,0,10870.0,0,10722.81
Coinbase,btc_usd,10870.0,1601554907.84485,10869.99,0,10870.0,0,10722.81
Coinbase,btc_usd,10870.0,1601554907.845333,10869.99,0,10870.0,0,10722.81
Coinbase,btc_usd,10870.0,1601554907.845839,10869.99,0,10870.0,0,10722.81
Coinbase,btc_usd,10870.0,1601554908.554155,10869.99,0,10870.0,0,10722.81
Coinbase,eth_usd,366.94,1601554909.508874,366.89,0,366.94,0,354.93
Coinbase,btc_usd,10870.0,1601554910.775109,10869.99,0,10870.0,0,10722.81
Coinbase,eth_eur,312.67,1601554911.017763,312.57,0,312.67,0,303.56
Coinbase,btc_usd,10870.0,1601554911.781965,10869.99,0,10870.0,0,10722.81
Coinbase,btc_eur,9262.99,1601554920.498766,9261.62,0,9262.99,0,9170.64
Coinbase,btc_eur,9262.99,1601554920.519118,9261.62,0,9262.99,0,9170.64
Coinbase,btc_usd,10869.99,1601554920.747193,10869.99,0,10870.0,0,10722.81
Coinbase,btc_usd,10870.0,1601554920.863382,10869.99,0,10870.0,0,10722.81
Coinbase,eth_usd,366.95,1601554921.516197,366.94,0,366.95,0,354.93
Coinbase,eth_usd,366.95,1601554921.519225,366.94,0,366.95,0,354.93
Coinbase,btc_usd,10869.99,1601554922.742816,10869.99,0,10870.0,0,10722.81
Coinbase,btc_eur,9262.99,1601554922.749988,9262.38,0,9262.99,0,9170.64
Coinbase,btc_usd,10870.0,1601554923.727057,10869.99,0,10870.0,0,10722.81
Coinbase,eth_eur,312.57,1601554924.869353,312.57,0,312.73,0,303.56
Coinbase,eth_eur,312.58,1601554925.5714,312.58,0,312.72,0,303.56
Coinbase,btc_usd,10869.99,1601554926.421681,10869.99,0,10870.0,0,10722.81
Coinbase,btc_usd,10870.0,1601554926.54587,10869.99,0,10870.0,0,10722.81
Coinbase,btc_usd,10869.99,1601554926.846184,10869.99,0,10870.0,0,10722.81
Coinbase,btc_usd,10870.0,1601554926.877633,10869.99,0,10870.0,0,10722.81
Coinbase,btc_usd,10870.0,1601554928.59974,10869.99,0,10870.0,0,10722.81
Coinbase,btc_usd,10869.99,1601554929.58702,10869.99,0,10870.0,0,10722.81
Coinbase,btc_eur,9261.81,1601554931.0134,9261.81,0,9262.99,0,9170.64
Coinbase,btc_eur,9262.99,1601554931.144082,9261.81,0,9262.99,0,9170.64
Coinbase,eth_eur,312.69,1601554932.010588,312.56,0,312.69,0,303.56
Coinbase,btc_usd,10870.0,1601554933.08018,10869.99,0,10870.0,0,10722.81
Coinbase,btc_usd,10870.0,1601554934.128299,10869.99,0,10870.0,0,10722.81
Coinbase,eth_eur,312.57,1601554934.611213,312.57,0,312.72,0,303.56
Coinbase,btc_eur,9261.03,1601554935.183756,9261.03,0,9262.99,0,9170.64
Coinbase,btc_usd,10870.0,1601554935.419238,10869.99,0,10870.0,0,10722.81
Coinbase,btc_usd,10870.0,1601554936.489785,10869.99,0,10870.0,0,10722.81
Coinbase,btc_usd,10870.0,1601554937.567693,10869.99,0,10870.0,0,10722.81
Coinbase,btc_eur,9262.99,1601554938.368701,9261.03,0,9262.99,0,9170.64
Coinbase,btc_usd,10870.0,1601554939.407285,10869.99,0,10870.0,0,10722.81
Coinbase,btc_usd,10870.0,1601554939.708525,10869.99,0,10870.0,0,10722.81
Coinbase,btc_usd,10870.0,1601554939.70923,10869.99,0,10872.17,0,10722.81
Coinbase,btc_usd,10872.17,1601554939.709584,10869.99,0,10872.2,0,10722.81
Coinbase,btc_usd,10872.2,1601554939.712968,10869.99,0,10872.75,0,10722.81
Coinbase,btc_usd,10872.75,1601554939.713335,10869.99,0,10872.91,0,10722.81
Coinbase,btc_usd,10872.91,1601554939.716228,10869.99,0,10872.91,0,10722.81
Coinbase,btc_usd,10870.6,1601554939.87241,10870.6,0,10872.84,0,10722.81
Coinbase,btc_usd,10871.56,1601554940.067348,10871.56,0,10872.15,0,10722.81
Coinbase,btc_usd,10871.56,1601554940.354755,10871.56,0,10872.11,0,10722.81
Coinbase,btc_eur,9263.48,1601554942.823609,9260.63,0,9263.48,0,9170.64
Coinbase,eth_usd,366.95,1601554943.525502,366.94,0,366.95,0,354.93
Coinbase,btc_usd,10870.92,1601554943.809324,10870.04,0,10870.92,0,10722.81
Coinbase,eth_usd,366.94,1601554943.83437,366.94,0,366.95,0,354.93
Coinbase,btc_usd,10870.3,1601554944.025882,10870.3,0,10870.95,0,10722.81
Coinbase,btc_usd,10870.95,1601554944.241723,10870.76,0,10870.95,0,10722.81
Coinbase,btc_usd,10871.47,1601554944.423886,10870.94,0,10871.47,0,10722.81
Coinbase,btc_usd,10870.94,1601554944.466928,10870.94,0,10871.47,0,10722.81
Coinbase,btc_usd,10870.92,1601554948.504764,10870.91,0,10870.92,0,10722.81
Coinbase,btc_usd,10871.01,1601554949.965367,10871.01,0,10871.38,0,10722.81
Coinbase,btc_eur,9263.72,1601554951.301005,9260.34,0,9263.73,0,9170.64
Coinbase,btc_eur,9263.73,1601554951.301599,9260.34,0,9263.74,0,9170.64
Coinbase,btc_eur,9263.74,1601554951.302868,9260.34,0,9263.74,0,9170.64
Coinbase,btc_usd,10870.92,1601554951.588006,10870.91,0,10870.92,0,10722.81
Coinbase,btc_usd,10870.53,1601554951.847412,10870.53,0,10872.21,0,10722.81
Coinbase,btc_usd,10871.45,1601554952.062501,10870.86,0,10871.45,0,10722.81
Coinbase,eth_usd,366.89,1601554952.618962,366.88,0,366.89,0,354.93
Coinbase,btc_usd,10871.37,1601554952.629861,10870.76,0,10871.37,0,10722.81
Coinbase,btc_usd,10871.63,1601554954.965038,10870.98,0,10871.63,0,10722.81
Coinbase,btc_eur,9261.06,1601554954.985779,9261.06,0,9264.03,0,9170.64
Coinbase,eth_usd,366.88,1601554956.291199,366.88,0,366.89,0,354.93
Coinbase,btc_usd,10871.22,1601554960.295558,10871.22,0,10871.71,0,10722.81
Coinbase,btc_usd,10871.67,1601554960.807743,10870.97,0,10871.67,0,10722.81
Coinbase,btc_usd,10871.12,1601554961.42311,10870.35,0,10871.12,0,10722.81
Coinbase,btc_usd,10871.13,1601554961.559179,10870.36,0,10871.13,0,10722.81
Coinbase,btc_usd,10870.6,1601554963.563284,10870.6,0,10870.61,0,10722.81
Coinbase,btc_usd,10870.37,1601554964.108957,10870.36,0,10870.6,0,10722.81
Coinbase,btc_usd,10870.36,1601554964.109639,10870.36,0,10870.6,0,10722.81
Coinbase,btc_usd,10870.36,1601554964.886757,10870.36,0,10870.37,0,10722.81
Coinbase,eth_usd,366.89,1601554966.69026,366.88,0,366.89,0,354.93
Coinbase,eth_usd,366.89,1601554966.690848,366.88,0,366.89,0,354.93
Coinbase,eth_usd,366.89,1601554966.692355,366.88,0,366.89,0,354.93
Coinbase,eth_usd,366.89,1601554966.692907,366.88,0,366.96,0,354.93
Coinbase,eth_usd,366.96,1601554966.694133,366.88,0,366.96,0,354.93
Coinbase,eth_usd,366.9,1601554966.938501,366.9,0,366.94,0,354.93
Coinbase,eth_usd,366.9,1601554967.144412,366.9,0,366.94,0,354.93
Coinbase,btc_eur,9263.6,1601554967.249635,9260.67,0,9263.6,0,9170.64
Coinbase,eth_usd,366.9,1601554967.404755,366.9,0,366.94,0,354.93
Coinbase,eth_eur,312.64,1601554967.638397,312.49,0,312.64,0,303.56
Coinbase,eth_usd,366.89,1601554967.961157,366.89,0,366.94,0,354.93
Coinbase,btc_usd,10871.4,1601554969.375891,10870.69,0,10871.4,0,10722.81
Coinbase,eth_usd,366.94,1601554969.399697,366.93,0,366.94,0,354.93
Coinbase,eth_usd,366.94,1601554969.400297,366.93,0,366.94,0,354.93
Coinbase,eth_usd,366.94,1601554969.40097,366.93,0,366.96,0,354.93
Coinbase,eth_usd,366.96,1601554969.406707,366.93,0,366.96,0,354.93
Coinbase,eth_usd,366.95,1601554969.830893,366.95,0,366.96,0,354.93
Coinbase,eth_eur,312.66,1601554969.922764,312.55,0,312.66,0,303.56
Coinbase,btc_usd,10871.22,1601554970.448015,10871.22,0,10871.82,0,10722.81
Coinbase,btc_usd,10872.14,1601554971.141939,10870.84,0,10872.14,0,10722.81
Coinbase,btc_usd,10871.66,1601554971.357681,10870.97,0,10871.66,0,10722.81
Coinbase,btc_usd,10871.55,1601554973.345497,10871.17,0,10871.55,0,10722.81
Coinbase,btc_eur,9260.67,1601554974.942114,9260.67,0,9263.03,0,9170.64
Coinbase,btc_eur,9261.38,1601554977.259953,9261.38,0,9263.01,0,9170.64
Coinbase,btc_usd,10871.22,1601554977.482207,10871.22,0,10871.76,0,10722.81
Coinbase,btc_eur,9264.12,1601554977.792092,9263.22,0,9264.12,0,9170.64
Coinbase,btc_usd,10872.0,1601554978.240542,10871.99,0,10872.0,0,10722.81
Coinbase,btc_usd,10872.0,1601554979.118297,10871.99,0,10872.0,0,10722.81
Coinbase,btc_usd,10872.0,1601554980.006569,10871.99,0,10872.0,0,10722.81
Coinbase,eth_eur,312.66,1601554980.084355,312.56,0,312.66,0,303.56
Coinbase,btc_eur,9262.49,1601554980.614297,9262.49,0,9264.0,0,9170.64
Coinbase,eth_usd,366.95,1601554980.877129,366.95,0,366.96,0,354.93
Coinbase,btc_usd,10872.0,1601554981.174736,10871.99,0,10872.0,0,10722.81
Coinbase,btc_eur,9262.49,1601554982.832754,9262.49,0,9263.97,0,9170.64
Coinbase,eth_eur,312.6,1601554983.793476,312.6,0,312.68,0,303.56
Coinbase,eth_usd,366.96,1601554984.072041,366.95,0,366.96,0,354.93
Coinbase,btc_usd,10871.99,1601554984.323237,10871.99,0,10872.0,0,10722.81
Coinbase,eth_eur,312.59,1601554986.647163,312.58,0,312.68,0,303.56
Coinbase,eth_eur,312.58,1601554986.648915,312.58,0,312.68,0,303.56
Coinbase,eth_eur,312.58,1601554986.649535,312.57,0,312.68,0,303.56
Coinbase,eth_eur,312.57,1601554986.650242,312.57,0,312.68,0,303.56
Coinbase,btc_usd,10871.99,1601554990.71805,10871.99,0,10872.0,0,10722.81
Coinbase,btc_usd,10871.99,1601554991.182154,10871.99,0,10872.0,0,10722.81
Coinbase,btc_usd,10872.0,1601554991.488357,10871.99,0,10872.02,0,10722.81
Coinbase,btc_usd,10872.02,1601554991.489317,10871.99,0,10872.02,0,10722.81
Coinbase,eth_usd,366.96,1601554993.591852,366.95,0,366.96,0,354.93
Coinbase,eth_usd,366.96,1601554993.619925,366.95,0,366.96,0,354.93
Coinbase,eth_usd,366.96,1601554993.620507,366.95,0,367.15,0,354.93
Coinbase,btc_usd,10872.02,1601554994.820329,10872.01,0,10872.02,0,10722.81
Coinbase,btc_usd,10872.02,1601554994.820918,10872.01,0,10872.02,0,10722.81
Coinbase,btc_usd,10872.02,1601554995.389709,10872.01,0,10872.02,0,10722.81
Coinbase,btc_usd,10872.02,1601554995.390252,10872.01,0,10872.04,0,10722.81
Coinbase,eth_eur,312.81,1601554995.870281,312.7,0,312.81,0,303.56
Coinbase,btc_usd,10872.04,1601554996.244161,10872.03,0,10872.04,0,10722.81
Coinbase,btc_usd,10872.04,1601554997.923502,10872.03,0,10872.04,0,10722.81
Coinbase,btc_usd,10872.04,1601554998.960204,10872.03,0,10872.04,0,10722.81
Coinbase,btc_usd,10872.04,1601554999.722325,10872.03,0,10872.04,0,10722.81
Coinbase,btc_usd,10872.04,1601555001.138395,10872.03,0,10872.04,0,10722.81
Coinbase,btc_usd,10872.04,1601555001.790459,10872.03,0,10872.04,0,10722.81
Coinbase,btc_usd,10872.04,1601555001.826597,10872.03,0,10872.04,0,10722.81
Coinbase,btc_usd,10872.03,1601555002.225421,10872.03,0,10872.04,0,10722.81
Coinbase,btc_usd,10872.04,1601555003.287579,10872.03,0,10872.04,0,10722.81
Coinbase,btc_usd,10872.04,1601555004.572193,10872.03,0,10872.04,0,10722.81
Coinbase,eth_usd,367.05,1601555004.713687,367.0,0,367.06,0,354.93
Coinbase,btc_usd,10872.04,1601555006.591062,10872.03,0,10872.04,0,10722.81
Coinbase,btc_usd,10872.04,1601555006.882001,10872.03,0,10872.04,0,10722.81
Coinbase,btc_eur,9263.3,1601555007.724874,9260.97,0,9263.3,0,9170.64
Coinbase,btc_eur,9263.28,1601555010.042746,9261.58,0,9263.28,0,9170.64
Coinbase,btc_usd,10872.59,1601555010.632112,10872.59,0,10872.6,0,10722.81
Coinbase,eth_eur,312.57,1601555010.741153,312.56,0,312.7,0,303.56
Coinbase,eth_eur,312.56,1601555010.741743,312.56,0,312.7,0,303.56
Coinbase,btc_usd,10872.6,1601555011.29527,10872.59,0,10872.6,0,10722.81
Coinbase,btc_eur,9263.26,1601555012.205035,9260.88,0,9263.26,0,9170.64
Coinbase,eth_usd,367.04,1601555012.425331,367.03,0,367.04,0,354.93
Coinbase,eth_usd,367.04,1601555016.501227,367.03,0,367.04,0,354.93
Coinbase,btc_eur,9263.18,1601555019.590455,9260.88,0,9263.18,0,9170.64
Coinbase,eth_usd,367.02,1601555020.333812,367.02,0,367.04,0,354.93
Coinbase,btc_usd,10872.18,1601555020.553353,10872.17,0,10872.18,0,10722.81
Coinbase,eth_usd,367.08,1601555023.766242,367.05,0,367.08,0,354.93
Coinbase,btc_eur,9264.73,1601555024.248619,9263.17,0,9264.73,0,9170.64
Coinbase,btc_eur,9263.17,1601555027.114808,9263.16,0,9264.35,0,9170.64
Coinbase,btc_eur,9263.16,1601555027.115453,9263.16,0,9264.35,0,9170.64
Coinbase,btc_eur,9264.34,1601555027.265356,9263.16,0,9264.34,0,9170.64
Coinbase,eth_eur,312.56,1601555027.332041,312.56,0,312.72,0,303.56
Coinbase,eth_eur,312.69,1601555028.262509,312.56,0,312.69,0,303.56
Coinbase,eth_usd,367.01,1601555029.225992,367.01,0,367.05,0,354.93
Coinbase,eth_usd,367.01,1601555029.229203,367.01,0,367.05,0,354.93
Coinbase,btc_usd,10873.27,1601555029.471043,10873.19,0,10873.27,0,10722.81
Coinbase,btc_usd,10872.04,1601555031.545805,10872.03,0,10872.04,0,10722.81
Coinbase,btc_eur,9263.41,1601555033.778212,9263.16,0,9263.41,0,9170.64
Coinbase,btc_eur,9263.16,1601555034.194872,9263.16,0,9263.41,0,9170.64
Coinbase,btc_usd,10872.04,1601555034.421563,10872.03,0,10872.04,0,10722.81
Coinbase,btc_usd,10872.04,1601555034.76161,10872.03,0,10872.04,0,10722.81
Coinbase,btc_usd,10872.04,1601555035.300915,10872.03,0,10872.04,0,10722.81
Coinbase,btc_usd,10872.04,1601555035.89716,10872.03,0,10872.04,0,10722.81
Coinbase,btc_eur,9263.37,1601555036.631063,9263.16,0,9263.37,0,9170.64
Coinbase,btc_usd,10872.04,1601555040.761982,10872.03,0,10872.04,0,10722.81
Coinbase,eth_usd,367.01,1601555042.716134,367.0,0,367.01,0,354.93
Coinbase,btc_eur,9263.16,1601555043.190944,9263.16,0,9263.17,0,9170.64
Coinbase,eth_usd,367.01,1601555043.545868,367.0,0,367.01,0,354.93
Coinbase,btc_eur,9263.17,1601555043.684657,9263.16,0,9263.17,0,9170.64
Coinbase,btc_eur,9263.17,1601555044.178306,9263.16,0,9263.17,0,9170.64
Coinbase,btc_eur,9263.17,1601555045.184704,9263.16,0,9263.17,0,9170.64
Coinbase,btc_usd,10872.03,1601555045.745617,10872.03,0,10872.04,0,10722.81
Coinbase,btc_eur,9265.8,1601555048.81914,9263.17,0,9265.8,0,9170.64
Coinbase,btc_usd,10875.83,1601555048.858205,10875.83,0,10875.84,0,10722.81
Coinbase,btc_usd,10875.84,1601555049.434671,10875.83,0,10875.84,0,10722.81
Coinbase,btc_usd,10875.83,1601555051.111328,10875.83,0,10875.84,0,10722.81
Coinbase,eth_usd,367.15,1601555051.120586,367.08,0,367.15,0,354.93
Coinbase,btc_eur,9263.31,1601555055.276686,9263.31,0,9265.55,0,9170.64
Coinbase,btc_usd,10875.83,1601555058.018332,10875.83,0,10875.84,0,10722.81
Coinbase,btc_eur,9263.31,1601555058.57056,9263.31,0,9265.42,0,9170.64
Coinbase,btc_usd,10875.84,1601555058.692017,10875.83,0,10875.84,0,10722.81
Coinbase,eth_usd,367.08,1601555061.339145,367.08,0,367.15,0,354.93
Coinbase,eth_usd,367.09,1601555061.379527,367.09,0,367.15,0,354.93
Coinbase,btc_usd,10875.84,1601555062.327423,10874.81,0,10875.84,0,10722.81
Coinbase,eth_usd,367.03,1601555062.901897,367.02,0,367.03,0,354.93
Coinbase,eth_usd,367.09,1601555065.254313,367.03,0,367.09,0,354.93
Coinbase,btc_usd,10875.84,1601555067.27789,10875.83,0,10875.84,0,10722.81
Coinbase,btc_usd,10875.84,1601555067.720321,10875.83,0,10875.84,0,10722.81
Coinbase,btc_usd,10876.83,1601555068.24879,10876.82,0,10876.83,0,10722.81
Coinbase,eth_usd,367.17,1601555068.340565,367.03,0,367.17,0,354.93
Coinbase,btc_usd,10876.83,1601555069.271072,10876.82,0,10876.83,0,10722.81
Coinbase,eth_usd,367.13,1601555072.837253,367.09,0,367.13,0,354.93
Coinbase,eth_usd,367.12,1601555073.532772,367.09,0,367.12,0,354.93
Coinbase,btc_eur,9266.17,1601555073.58346,9263.57,0,9266.17,0,9170.64
Coinbase,eth_eur,312.73,1601555073.676624,312.59,0,312.73,0,303.56
Coinbase,btc_usd,10877.37,1601555074.036587,10876.43,0,10877.37,0,10722.81
Coinbase,eth_eur,312.73,1601555076.301985,312.59,0,312.73,0,303.56
Coinbase,eth_usd,367.14,1601555077.220205,367.12,0,367.14,0,354.93
Coinbase,btc_usd,10877.63,1601555077.712477,10877.0,0,10877.63,0,10722.81
Coinbase,eth_usd,367.14,1601555077.93254,367.12,0,367.14,0,354.93
Coinbase,btc_usd,10877.51,1601555078.250741,10876.32,0,10877.51,0,10722.81
Coinbase,btc_usd,10877.81,1601555078.578984,10876.96,0,10877.81,0,10722.81
Coinbase,btc_eur,9266.13,1601555078.845897,9264.62,0,9266.13,0,9170.64
Coinbase,btc_usd,10877.81,1601555079.008741,10877.8,0,10877.81,0,10722.81
Coinbase,eth_usd,367.13,1601555079.812445,367.09,0,367.13,0,354.93
Coinbase,eth_usd,367.13,1601555079.813042,367.09,0,367.13,0,354.93
Coinbase,btc_usd,10878.36,1601555080.100593,10877.54,0,10878.36,0,10722.81
Coinbase,btc_usd,10877.84,1601555081.347914,10877.53,0,10877.84,0,10722.81
Coinbase,eth_eur,312.73,1601555081.963045,312.59,0,312.73,0,303.56
Coinbase,btc_usd,10877.24,1601555082.677194,10876.6,0,10877.24,0,10722.81
Coinbase,btc_usd,10877.24,1601555082.679181,10876.6,0,10877.24,0,10722.81
Coinbase,btc_eur,9266.61,1601555082.745459,9264.3,0,9266.61,0,9170.64
Coinbase,btc_usd,10876.8,1601555084.323194,10876.6,0,10876.8,0,10722.81
Coinbase,btc_usd,10876.8,1601555084.610757,10876.44,0,10877.49,0,10722.81
Coinbase,btc_usd,10877.49,1601555084.611453,10876.44,0,10877.49,0,10722.81
Coinbase,eth_usd,367.13,1601555085.008165,367.03,0,367.16,0,354.93
Coinbase,eth_usd,367.03,1601555085.010156,367.03,0,367.16,0,354.93
Coinbase,eth_eur,312.59,1601555085.018826,312.59,0,312.73,0,303.56
Coinbase,btc_eur,9265.92,1601555085.598441,9263.47,0,9265.92,0,9170.64
Coinbase,btc_usd,10876.6,1601555086.359205,10876.6,0,10877.31,0,10722.81
Coinbase,btc_usd,10876.91,1601555087.188827,10876.43,0,10876.91,0,10722.81
Coinbase,btc_eur,9265.9,1601555087.200238,9263.48,0,9265.9,0,9170.64
Coinbase,eth_usd,367.15,1601555088.766445,367.09,0,367.17,0,354.93
Coinbase,eth_usd,367.17,1601555088.767998,367.09,0,367.17,0,354.93
Coinbase,eth_usd,367.17,1601555088.768674,367.09,0,367.18,0,354.93
Coinbase,eth_usd,367.18,1601555088.771563,367.09,0,367.19,0,354.93
Coinbase,eth_usd,367.19,1601555088.771925,367.09,0,367.23,0,354.93
Coinbase,eth_usd,367.23,1601555088.772281,367.09,0,367.25,0,354.93
Coinbase,eth_usd,367.25,1601555088.772966,367.09,0,367.26,0,354.93
Coinbase,eth_usd,367.26,1601555088.773324,367.09,0,367.26,0,354.93
Coinbase,btc_eur,9265.86,1601555089.298183,9263.44,0,9265.86,0,9170.64
Coinbase,btc_usd,10876.55,1601555089.785327,10876.55,0,10877.19,0,10722.81
Coinbase,btc_usd,10876.52,1601555090.174443,10875.86,0,10876.52,0,10722.81
Coinbase,btc_usd,10877.3,1601555090.272772,10876.28,0,10877.3,0,10722.81
Coinbase,eth_usd,367.18,1601555091.97937,367.12,0,367.18,0,354.93
Coinbase,btc_eur,9265.83,1601555092.42598,9263.44,0,9265.83,0,9170.64
Coinbase,eth_eur,312.74,1601555094.636895,312.59,0,312.75,0,303.56
Coinbase,eth_eur,312.75,1601555094.637553,312.59,0,312.75,0,303.56
Coinbase,eth_usd,367.15,1601555098.207265,367.15,0,367.23,0,354.93
Coinbase,eth_usd,367.15,1601555098.20818,367.15,0,367.23,0,354.93
Coinbase,eth_usd,367.15,1601555098.208632,367.13,0,367.23,0,354.93
Coinbase,eth_usd,367.13,1601555098.208989,367.13,0,367.23,0,354.93
Coinbase,btc_usd,10876.33,1601555098.3755,10876.33,0,10877.84,0,10722.81
Coinbase,btc_eur,9265.07,1601555098.594168,9263.84,0,9265.07,0,9170.64
Coinbase,btc_eur,9263.07,1601555100.687234,9263.07,0,9265.07,0,9170.64
Coinbase,eth_usd,367.22,1601555100.941788,367.13,0,367.22,0,354.93
Coinbase,btc_eur,9262.66,1601555101.926224,9262.66,0,9264.32,0,9170.64
Coinbase,btc_eur,9262.66,1601555102.055642,9262.66,0,9264.32,0,9170.64
Coinbase,btc_eur,9263.4,1601555102.612228,9263.4,0,9264.32,0,9170.64
Coinbase,eth_usd,367.12,1601555104.809181,367.12,0,367.2,0,354.93
Coinbase,eth_usd,367.12,1601555105.394717,367.1,0,367.21,0,354.93
Coinbase,eth_usd,367.1,1601555105.39529,367.1,0,367.21,0,354.93
Coinbase,btc_eur,9263.45,1601555105.404307,9263.45,0,9264.55,0,9170.64
Coinbase,eth_usd,367.25,1601555105.927672,367.16,0,367.25,0,354.93
Coinbase,btc_usd,10877.24,1601555106.434097,10877.23,0,10878.02,0,10722.81
Coinbase,btc_usd,10877.23,1601555106.434682,10877.23,0,10878.02,0,10722.81
Coinbase,btc_usd,10877.63,1601555110.087879,10877.26,0,10877.63,0,10722.81
Coinbase,eth_usd,367.3,1601555113.01375,367.24,0,367.3,0,354.93
Coinbase,btc_usd,10877.63,1601555114.477973,10877.62,0,10877.63,0,10722.81
Coinbase,btc_eur,9265.03,1601555114.927001,9264.04,0,9265.03,0,9170.64
Coinbase,eth_eur,312.71,1601555115.170637,312.7,0,312.79,0,303.56
Coinbase,eth_eur,312.7,1601555115.17107,312.7,0,312.79,0,303.56
Coinbase,btc_usd,10877.63,1601555117.587275,10877.62,0,10877.63,0,10722.81
Coinbase,btc_usd,10877.05,1601555121.57283,10877.04,0,10877.05,0,10722.81
Coinbase,eth_usd,367.26,1601555123.171526,367.21,0,367.26,0,354.93
Coinbase,btc_usd,10877.01,1601555125.28428,10876.49,0,10877.01,0,10722.81
Coinbase,btc_usd,10877.01,1601555125.387391,10876.5,0,10877.06,0,10722.81
Coinbase,eth_eur,312.65,1601555125.464961,312.65,0,312.77,0,303.56
Coinbase,btc_usd,10877.01,1601555127.415157,10877.0,0,10877.01,0,10722.81
Coinbase,eth_usd,367.26,1601555127.912567,367.23,0,367.26,0,354.93
Coinbase,btc_eur,9264.02,1601555128.994041,9262.84,0,9264.02,0,9170.64
Coinbase,btc_usd,10877.01,1601555129.279476,10877.0,0,10877.01,0,10722.81
Coinbase,btc_usd,10877.01,1601555129.740959,10877.0,0,10877.01,0,10722.81
Coinbase,btc_usd,10877.01,1601555129.744536,10877.0,0,10877.01,0,10722.81
Coinbase,btc_usd,10877.01,1601555129.745215,10877.0,0,10877.01,0,10722.81
Coinbase,btc_usd,10877.01,1601555129.74562,10877.0,0,10877.01,0,10722.81
Coinbase,btc_usd,10877.01,1601555129.746391,10877.0,0,10877.01,0,10722.81
Coinbase,btc_eur,9262.84,1601555131.211118,9262.84,0,9264.05,0,9170.64
Coinbase,eth_eur,312.79,1601555131.85436,312.64,0,312.79,0,303.56
Coinbase,eth_usd,367.26,1601555131.897705,367.23,0,367.26,0,354.93
Coinbase,btc_usd,10877.0,1601555132.40487,10877.0,0,10877.01,0,10722.81
Coinbase,btc_usd,10877.01,1601555133.40625,10877.0,0,10877.01,0,10722.81
Coinbase,eth_usd,367.23,1601555134.035086,367.23,0,367.26,0,354.93
Coinbase,btc_eur,9263.83,1601555134.104148,9262.85,0,9263.83,0,9170.64
Coinbase,eth_usd,367.26,1601555135.024115,367.22,0,367.26,0,354.93
Coinbase,btc_eur,9262.85,1601555135.525238,9262.85,0,9263.84,0,9170.64
Coinbase,btc_eur,9263.61,1601555136.708596,9261.79,0,9263.61,0,9170.64
Coinbase,eth_eur,312.74,1601555137.675365,312.61,0,312.74,0,303.56
Coinbase,btc_usd,10875.81,1601555140.296367,10875.8,0,10875.81,0,10722.81
Coinbase,eth_usd,367.19,1601555141.140254,367.15,0,367.19,0,354.93
Coinbase,eth_usd,367.19,1601555144.156907,367.15,0,367.19,0,354.93
Coinbase,btc_usd,10875.81,1601555144.157851,10875.8,0,10875.81,0,10722.81
Coinbase,eth_usd,367.19,1601555144.299281,367.18,0,367.19,0,354.93
Coinbase,btc_usd,10875.8,1601555144.591532,10875.8,0,10875.81,0,10722.81
Coinbase,eth_eur,312.65,1601555145.109317,312.65,0,312.78,0,303.56
Coinbase,btc_eur,9262.79,1601555145.431462,9261.08,0,9262.79,0,9170.64
Coinbase,btc_usd,10875.81,1601555148.523979,10875.8,0,10875.81,0,10722.81
Coinbase,btc_eur,9264.2,1601555149.285133,9262.5,0,9264.2,0,9170.64
Coinbase,eth_usd,367.19,1601555150.871104,367.18,0,367.19,0,354.93
Coinbase,btc_eur,9264.22,1601555151.283987,9262.36,0,9264.22,0,9170.64
Coinbase,eth_usd,367.19,1601555154.616825,367.18,0,367.19,0,354.93
Coinbase,btc_usd,10875.8,1601555154.983801,10875.8,0,10875.81,0,10722.81
Coinbase,eth_usd,367.19,1601555156.066105,367.18,0,367.19,0,354.93
Coinbase,eth_usd,367.18,1601555156.851298,367.18,0,367.19,0,354.93
Coinbase,eth_usd,367.18,1601555156.851869,367.18,0,367.19,0,354.93
Coinbase,btc_usd,10875.81,1601555159.79718,10875.8,0,10875.81,0,10722.81
Coinbase,btc_usd,10875.81,1601555160.611191,10875.8,0,10875.81,0,10722.81
Coinbase,btc_usd,10875.81,1601555160.611879,10875.8,0,10875.81,0,10722.81
Coinbase,btc_usd,10875.81,1601555160.785957,10875.8,0,10875.81,0,10722.81
Coinbase,btc_usd,10875.81,1601555160.788617,10875.8,0,10875.81,0,10722.81
Coinbase,btc_usd,10875.81,1601555160.789492,10875.8,0,10878.28,0,10722.81
Coinbase,btc_usd,10878.28,1601555160.789861,10875.8,0,10878.28,0,10722.81
Coinbase,btc_eur,9266.43,1601555161.177085,9264.41,0,9266.43,0,9170.64
Coinbase,btc_usd,10878.21,1601555162.692514,10877.9,0,10878.21,0,10722.81
Coinbase,eth_eur,312.79,1601555163.430726,312.68,0,312.79,0,303.56
Coinbase,btc_usd,10878.0,1601555163.537631,10878.0,0,10878.36,0,10722.81
Coinbase,eth_usd,367.19,1601555163.741881,367.18,0,367.19,0,354.93
Coinbase,btc_usd,10877.93,1601555163.783606,10877.24,0,10877.94,0,10722.81
Coinbase,btc_usd,10877.94,1601555163.784133,10877.24,0,10877.94,0,10722.81
Coinbase,btc_usd,10877.94,1601555163.787297,10877.24,0,10877.94,0,10722.81
Coinbase,btc_usd,10878.36,1601555164.814428,10877.85,0,10878.36,0,10722.81
Coinbase,eth_usd,367.19,1601555167.587073,367.18,0,367.19,0,354.93
Coinbase,eth_usd,367.18,1601555169.470113,367.18,0,367.19,0,354.93
Coinbase,btc_usd,10878.29,1601555171.618937,10877.41,0,10878.29,0,10722.81
Coinbase,eth_usd,367.19,1601555174.097067,367.18,0,367.19,0,354.93
Coinbase,eth_usd,367.19,1601555174.097578,367.18,0,367.19,0,354.93
Coinbase,eth_usd,367.19,1601555174.09792,367.18,0,367.19,0,354.93
Coinbase,eth_usd,367.19,1601555174.09826,367.18,0,367.19,0,354.93
Coinbase,eth_eur,312.79,1601555175.760067,312.69,0,312.79,0,303.56
Coinbase,btc_usd,10878.36,1601555176.154988,10878.35,0,10878.36,0,10722.81
Coinbase,btc_eur,9265.53,1601555177.312161,9265.41,0,9266.57,0,9170.64
Coinbase,btc_eur,9266.57,1601555177.312885,9265.41,0,9266.57,0,9170.64
Coinbase,btc_usd,10878.14,1601555178.671523,10878.14,0,10878.36,0,10722.81
Coinbase,btc_eur,9266.96,1601555179.342731,9265.41,0,9266.96,0,9170.64
Coinbase,eth_usd,367.19,1601555179.62853,367.18,0,367.19,0,354.93
Coinbase,btc_eur,9266.96,1601555180.518206,9265.31,0,9266.96,0,9170.64
Coinbase,btc_eur,9265.1,1601555181.548749,9265.1,0,9266.95,0,9170.64
Coinbase,eth_usd,367.18,1601555181.784922,367.18,0,367.19,0,354.93
Coinbase,eth_usd,367.19,1601555182.494409,367.18,0,367.19,0,354.93
Coinbase,eth_usd,367.19,1601555182.497235,367.18,0,367.19,0,354.93
Coinbase,eth_usd,367.19,1601555182.497593,367.18,0,367.19,0,354.93
Coinbase,btc_usd,10877.99,1601555183.790726,10877.64,0,10877.99,0,10722.81
Coinbase,btc_eur,9264.7,1601555184.981227,9264.7,0,9266.57,0,9170.64
Coinbase,btc_usd,10878.36,1601555188.565339,10878.14,0,10878.36,0,10722.81
Coinbase,btc_eur,9265.4,1601555189.181841,9265.4,0,9267.39,0,9170.64
Coinbase,btc_usd,10878.36,1601555189.281978,10878.35,0,10878.36,0,10722.81
Coinbase,btc_usd,10878.36,1601555189.764841,10878.15,0,10879.03,0,10722.81
Coinbase,btc_usd,10879.03,1601555189.765315,10878.15,0,10879.03,0,10722.81
Coinbase,eth_eur,312.79,1601555193.191685,312.71,0,312.79,0,303.56
Coinbase,eth_eur,312.79,1601555196.222349,312.71,0,312.79,0,303.56
Coinbase,eth_usd,367.18,1601555196.980696,367.18,0,367.19,0,354.93
Coinbase,btc_eur,9267.38,1601555197.23043,9265.85,0,9267.38,0,9170.64
Coinbase,eth_usd,367.18,1601555198.822589,367.18,0,367.19,0,354.93
Coinbase,btc_usd,10879.2,1601555200.10215,10879.2,0,10879.22,0,10722.81
Coinbase,btc_usd,10877.45,1601555203.826772,10877.45,0,10878.09,0,10722.81
Coinbase,btc_usd,10878.29,1601555204.086371,10877.47,0,10878.29,0,10722.81
Coinbase,btc_usd,10878.29,1601555204.283066,10877.47,0,10878.29,0,10722.81
Coinbase,eth_eur,312.79,1601555204.527592,312.71,0,312.79,0,303.56
Coinbase,btc_eur,9263.23,1601555205.250613,9263.23,0,9264.24,0,9170.64
Coinbase,eth_eur,312.71,1601555205.686458,312.71,0,312.79,0,303.56
Coinbase,eth_eur,312.71,1601555205.847266,312.71,0,312.79,0,303.56
Coinbase,btc_usd,10877.69,1601555207.784043,10876.57,0,10877.69,0,10722.81
Coinbase,btc_usd,10877.3,1601555208.677637,10877.12,0,10877.87,0,10722.81
Coinbase,btc_usd,10877.12,1601555208.678155,10877.12,0,10877.87,0,10722.81
Coinbase,btc_usd,10877.84,1601555209.209226,10877.06,0,10877.84,0,10722.81
Coinbase,btc_usd,10877.84,1601555209.253219,10877.08,0,10877.84,0,10722.81
Coinbase,btc_usd,10877.77,1601555210.357354,10877.06,0,10877.77,0,10722.81
Coinbase,btc_usd,10877.95,1601555210.694678,10877.06,0,10877.95,0,10722.81
Coinbase,btc_usd,10875.9,1601555214.498372,10875.89,0,10875.9,0,10722.81
Coinbase,btc_usd,10875.9,1601555215.154162,10875.9,0,10876.3,0,10722.81
Coinbase,btc_eur,9264.02,1601555216.443962,9263.23,0,9264.02,0,9170.64
Coinbase,btc_eur,9264.02,1601555216.777863,9263.23,0,9264.02,0,9170.64
Coinbase,btc_eur,9264.02,1601555216.778751,9263.23,0,9264.02,0,9170.64
Coinbase,btc_eur,9264.02,1601555216.780409,9263.23,0,9264.24,0,9170.64
Coinbase,btc_eur,9264.24,1601555216.783873,9263.23,0,9264.96,0,9170.64
Coinbase,btc_eur,9264.96,1601555216.78428,9263.23,0,9264.96,0,9170.64
Coinbase,btc_eur,9263.23,1601555217.572964,9263.23,0,9264.95,0,9170.64
Coinbase,btc_usd,10876.33,1601555220.866639,10876.33,0,10876.7,0,10722.81
Coinbase,eth_eur,312.74,1601555224.709036,312.59,0,312.74,0,303.56
Coinbase,btc_eur,9264.74,1601555224.849578,9263.28,0,9264.74,0,9170.64
Coinbase,eth_eur,312.59,1601555226.352005,312.59,0,312.74,0,303.56
Coinbase,eth_usd,367.09,1601555227.178234,367.08,0,367.09,0,354.93
Coinbase,eth_usd,367.09,1601555227.187201,367.08,0,367.09,0,354.93
Coinbase,eth_usd,367.09,1601555227.187671,367.08,0,367.09,0,354.93
Coinbase,eth_eur,312.78,1601555227.923675,312.62,0,312.78,0,303.56
Coinbase,btc_usd,10879.38,1601555228.473721,10879.37,0,10879.38,0,10722.81
Coinbase,btc_usd,10879.9,1601555229.113421,10879.45,0,10879.9,0,10722.81
Coinbase,btc_usd,10879.97,1601555229.193527,10879.45,0,10879.97,0,10722.81
Coinbase,btc_usd,10879.88,1601555230.183949,10879.45,0,10879.88,0,10722.81
Coinbase,eth_usd,367.21,1601555230.830813,367.21,0,367.24,0,354.93
Coinbase,eth_usd,367.24,1601555231.901114,367.19,0,367.24,0,354.93
Coinbase,eth_usd,367.24,1601555231.903649,367.19,0,367.24,0,354.93
Coinbase,eth_usd,367.24,1601555233.016575,367.23,0,367.24,0,354.93
Coinbase,eth_usd,367.24,1601555233.016997,367.23,0,367.27,0,354.93
Coinbase,eth_usd,367.27,1601555233.017352,367.23,0,367.27,0,354.93
Coinbase,btc_usd,10879.45,1601555233.813559,10879.45,0,10879.46,0,10722.81
Coinbase,btc_usd,10879.46,1601555233.878302,10879.45,0,10879.46,0,10722.81
Coinbase,btc_usd,10878.97,1601555235.922707,10878.48,0,10878.97,0,10722.81
Coinbase,btc_usd,10878.48,1601555236.226788,10878.48,0,10878.99,0,10722.81
Coinbase,eth_eur,312.7,1601555238.045256,312.7,0,312.79,0,303.56
Coinbase,btc_eur,9265.17,1601555241.134817,9263.98,0,9265.17,0,9170.64
Coinbase,btc_usd,10878.25,1601555242.70788,10877.33,0,10878.25,0,10722.81
Coinbase,btc_usd,10878.26,1601555245.504844,10877.39,0,10878.26,0,10722.81
Coinbase,eth_eur,312.7,1601555245.599307,312.7,0,312.79,0,303.56
Coinbase,btc_usd,10878.1,1601555248.132882,10877.41,0,10878.1,0,10722.81
Coinbase,eth_usd,367.24,1601555248.607969,367.21,0,367.26,0,354.93
Coinbase,eth_usd,367.26,1601555248.608964,367.21,0,367.26,0,354.93
Coinbase,eth_usd,367.21,1601555248.882423,367.21,0,367.26,0,354.93
Coinbase,btc_eur,9265.63,1601555248.935237,9263.86,0,9265.63,0,9170.64
Coinbase,eth_usd,367.21,1601555250.806185,367.2,0,367.21,0,354.93
Coinbase,btc_usd,10877.82,1601555251.197022,10877.41,0,10877.82,0,10722.81
Coinbase,eth_usd,367.22,1601555251.394098,367.16,0,367.22,0,354.93
Coinbase,btc_eur,9265.63,1601555251.637829,9263.86,0,9265.63,0,9170.64
Coinbase,btc_usd,10878.15,1601555254.034905,10877.72,0,10878.15,0,10722.81
Coinbase,btc_eur,9264.3,1601555255.257662,9264.3,0,9266.54,0,9170.64
Coinbase,btc_usd,10878.68,1601555256.823166,10877.93,0,10878.68,0,10722.81
Coinbase,btc_usd,10878.68,1601555257.577444,10878.0,0,10878.68,0,10722.81
Coinbase,btc_eur,9264.64,1601555258.109482,9264.64,0,9266.48,0,9170.64
Coinbase,btc_eur,9266.48,1601555258.194945,9264.64,0,9266.48,0,9170.64
Coinbase,btc_eur,9265.41,1601555259.431344,9263.54,0,9265.41,0,9170.64
Coinbase,btc_usd,10877.36,1601555260.197047,10877.36,0,10877.37,0,10722.81
Coinbase,btc_usd,10877.37,1601555260.511802,10877.36,0,10877.37,0,10722.81
Coinbase,btc_usd,10877.37,1601555262.052883,10877.36,0,10877.37,0,10722.81
Coinbase,btc_usd,10878.0,1601555263.378031,10877.47,0,10878.0,0,10722.81
Coinbase,btc_usd,10878.01,1601555264.96538,10877.51,0,10878.01,0,10722.81
Coinbase,btc_usd,10877.67,1601555266.515718,10877.46,0,10878.54,0,10722.81
Coinbase,btc_usd,10877.46,1601555266.51874,10877.45,0,10878.54,0,10722.81
Coinbase,btc_usd,10877.45,1601555266.519099,10877.36,0,10878.54,0,10722.81
Coinbase,btc_usd,10877.36,1601555266.51947,10877.36,0,10878.54,0,10722.81
Coinbase,btc_usd,10878.17,1601555267.144313,10877.36,0,10878.17,0,10722.81
Coinbase,eth_usd,367.21,1601555268.029847,367.21,0,367.24,0,354.93
Coinbase,btc_usd,10878.47,1601555269.242884,10877.62,0,10878.47,0,10722.81
Coinbase,eth_eur,312.79,1601555269.298206,312.65,0,312.79,0,303.56
Coinbase,btc_usd,10877.63,1601555269.531211,10877.63,0,10878.47,0,10722.81
Coinbase,btc_eur,9266.26,1601555270.211939,9264.39,0,9266.26,0,9170.64
Coinbase,eth_usd,367.25,1601555273.120235,367.22,0,367.25,0,354.93
Coinbase,btc_usd,10877.8,1601555277.090109,10877.79,0,10878.8,0,10722.81
Coinbase,btc_usd,10877.79,1601555277.090511,10877.71,0,10878.8,0,10722.81
Coinbase,btc_usd,10877.71,1601555277.094338,10877.71,0,10878.8,0,10722.81
Coinbase,btc_eur,9264.98,1601555278.15091,9264.98,0,9266.77,0,9170.64
Coinbase,btc_eur,9266.35,1601555279.361902,9264.45,0,9266.35,0,9170.64
Coinbase,eth_eur,312.68,1601555279.588079,312.68,0,312.79,0,303.56
Coinbase,btc_eur,9266.34,1601555281.040588,9264.47,0,9266.34,0,9170.64
Coinbase,btc_usd,10878.0,1601555285.044598,10877.45,0,10878.0,0,10722.81
Coinbase,btc_eur,9263.24,1601555285.542781,9263.24,0,9265.21,0,9170.64
Coinbase,btc_usd,10878.02,1601555287.085703,10877.51,0,10878.02,0,10722.81
Coinbase,eth_usd,367.24,1601555289.30982,367.21,0,367.24,0,354.93
Coinbase,btc_eur,9263.41,1601555289.790331,9263.41,0,9265.92,0,9170.64
Coinbase,btc_usd,10878.7,1601555290.378322,10878.06,0,10878.7,0,10722.81
Coinbase,btc_usd,10878.7,1601555290.887946,10878.06,0,10878.7,0,10722.81
Coinbase,eth_eur,312.78,1601555291.929278,312.67,0,312.78,0,303.56
Coinbase,eth_eur,312.67,1601555293.28336,312.67,0,312.79,0,303.56
Coinbase,btc_usd,10878.52,1601555294.900733,10877.56,0,10878.52,0,10722.81
Coinbase,btc_usd,10878.53,1601555295.273621,10877.78,0,10878.64,0,10722.81
Coinbase,btc_usd,10878.64,1601555295.27407,10877.78,0,10878.64,0,10722.81
Coinbase,btc_usd,10878.64,1601555295.274421,10877.78,0,10878.98,0,10722.81
Coinbase,btc_usd,10878.98,1601555295.27477,10877.78,0,10879.63,0,10722.81
Coinbase,btc_usd,10879.63,1601555295.275493,10877.78,0,10879.69,0,10722.81
Coinbase,btc_usd,10879.69,1601555295.275854,10877.78,0,10880.03,0,10722.81
Coinbase,btc_usd,10879.15,1601555295.303551,10877.79,0,10879.69,0,10722.81
Coinbase,btc_usd,10879.69,1601555295.304938,10877.79,0,10879.95,0,10722.81
Coinbase,btc_usd,10879.95,1601555295.307914,10877.79,0,10880.03,0,10722.81
Coinbase,btc_usd,10880.04,1601555298.015277,10880.0,0,10880.04,0,10722.81
Coinbase,btc_usd,10880.0,1601555298.773242,10877.86,0,10880.01,0,10722.81
Coinbase,btc_usd,10880.0,1601555300.117682,10877.77,0,10880.01,0,10722.81
Coinbase,btc_usd,10880.0,1601555300.217824,10877.93,0,10880.01,0,10722.81
Coinbase,btc_usd,10879.99,1601555302.626791,10879.24,0,10880.0,0,10722.81
Coinbase,btc_usd,10880.0,1601555302.627663,10879.24,0,10880.01,0,10722.81
Coinbase,btc_usd,10880.0,1601555303.112861,10880.0,0,10880.01,0,10722.81
Coinbase,btc_usd,10880.01,1601555303.470892,10880.0,0,10880.01,0,10722.81
Coinbase,btc_usd,10880.0,1601555303.790286,10880.0,0,10880.01,0,10722.81
Coinbase,btc_usd,10880.0,1601555304.17444,10880.0,0,10880.01,0,10722.81
Coinbase,btc_usd,10879.95,1601555305.51959,10878.46,0,10879.96,0,10722.81
Coinbase,btc_usd,10879.96,1601555305.520085,10878.46,0,10879.96,0,10722.81
Coinbase,btc_usd,10879.96,1601555305.520432,10878.46,0,10879.96,0,10722.81
Coinbase,btc_usd,10879.96,1601555305.521948,10878.46,0,10879.96,0,10722.81
Coinbase,btc_usd,10879.96,1601555305.522812,10878.46,0,10879.96,0,10722.81
Coinbase,btc_usd,10879.96,1601555305.523183,10878.46,0,10879.96,0,10722.81
Coinbase,btc_usd,10879.96,1601555305.52355,10878.46,0,10880.01,0,10722.81
Coinbase,btc_usd,10880.01,1601555306.838818,10880.0,0,10880.01,0,10722.81
Coinbase,btc_eur,9265.89,1601555308.116213,9263.52,0,9265.89,0,9170.64
Coinbase,eth_eur,312.7,1601555311.620645,312.68,0,312.79,0,303.56
Coinbase,eth_eur,312.68,1601555311.621192,312.68,0,312.79,0,303.56
Coinbase,btc_usd,10880.01,1601555313.761651,10880.0,0,10880.01,0,10722.81
Coinbase,eth_eur,312.77,1601555315.185936,312.68,0,312.77,0,303.56
Coinbase,btc_usd,10880.01,1601555316.78471,10880.0,0,10880.01,0,10722.81
Coinbase,btc_usd,10880.01,1601555317.326254,10880.0,0,10880.01,0,10722.81
Coinbase,btc_usd,10880.01,1601555321.936601,10880.0,0,10880.01,0,10722.81
Coinbase,btc_usd,10880.01,1601555322.147425,10880.0,0,10880.01,0,10722.81
Coinbase,btc_usd,10880.01,1601555322.365869,10880.0,0,10880.01,0,10722.81
Coinbase,btc_usd,10880.0,1601555322.965798,10877.91,0,10880.01,0,10722.81
Coinbase,btc_usd,10877.91,1601555322.969453,10877.39,0,10880.01,0,10722.81
Coinbase,btc_usd,10877.39,1601555322.969826,10877.39,0,10880.01,0,10722.81
