Plateforme,Asset,Quote,Datetime,Bid,BidAmount,Ask,AskAmount,OpenInterest
Coinbase,eth_usd,350.35,1601888058.848152,350.34,0,350.35,0,347.93
Coinbase,btc_usd,10675.47,1601888058.848962,10675.46,0,10675.47,0,10601.72
Coinbase,eth_eur,298.62,1601888058.849318,298.59,0,298.62,0,297.51
Coinbase,btc_eur,9100.54,1601888058.849701,9098.31,0,9100.54,0,9065.59
Coinbase,eth_eur,298.68,1601888061.760479,298.59,0,298.69,0,297.51
Coinbase,eth_eur,298.69,1601888061.761034,298.59,0,298.69,0,297.51
Coinbase,eth_usd,350.25,1601888066.285808,350.24,0,350.25,0,347.93
Coinbase,eth_usd,350.25,1601888067.542596,350.24,0,350.31,0,347.93
Coinbase,eth_usd,350.29,1601888067.703569,350.29,0,350.3,0,347.93
Coinbase,eth_usd,350.29,1601888067.904577,350.29,0,350.3,0,347.93
Coinbase,eth_eur,298.56,1601888069.676777,298.56,0,298.72,0,297.51
Coinbase,btc_usd,10675.69,1601888070.187614,10675.68,0,10675.69,0,10601.72
Coinbase,eth_usd,350.3,1601888071.390065,350.29,0,350.3,0,347.93
Coinbase,btc_eur,9100.13,1601888072.46752,9098.32,0,9100.35,0,9065.59
Coinbase,btc_eur,9100.35,1601888072.469808,9098.32,0,9100.35,0,9065.59
Coinbase,btc_usd,10675.69,1601888074.046801,10675.68,0,10675.69,0,10601.72
Coinbase,eth_usd,350.3,1601888074.063471,350.29,0,350.3,0,347.93
Coinbase,eth_usd,350.3,1601888078.207971,350.29,0,350.3,0,347.93
Coinbase,btc_usd,10675.69,1601888078.322175,10675.68,0,10675.69,0,10601.72
Coinbase,btc_eur,9100.02,1601888088.96535,9097.49,0,9100.02,0,9065.59
Coinbase,btc_eur,9100.02,1601888088.966147,9097.49,0,9100.02,0,9065.59
Coinbase,eth_usd,350.3,1601888089.250182,350.29,0,350.3,0,347.93
Coinbase,eth_usd,350.3,1601888089.250649,350.29,0,350.3,0,347.93
Coinbase,eth_usd,350.3,1601888089.251275,350.29,0,350.3,0,347.93
Coinbase,btc_usd,10675.69,1601888094.885096,10675.68,0,10675.69,0,10601.72
Coinbase,btc_eur,9101.1,1601888100.154243,9099.46,0,9101.1,0,9065.59
Coinbase,btc_usd,10676.51,1601888100.653651,10676.5,0,10676.51,0,10601.72
Coinbase,btc_eur,9099.46,1601888100.883573,9099.46,0,9101.06,0,9065.59
Coinbase,btc_eur,9099.46,1601888101.580911,9099.46,0,9101.04,0,9065.59
Coinbase,eth_eur,298.65,1601888102.003981,298.64,0,298.7,0,297.51
Coinbase,eth_eur,298.64,1601888102.004538,298.64,0,298.7,0,297.51
Coinbase,btc_eur,9099.46,1601888102.161741,9099.46,0,9101.0,0,9065.59
Coinbase,btc_eur,9099.46,1601888102.267736,9099.46,0,9101.0,0,9065.59
Coinbase,btc_eur,9099.22,1601888104.652021,9099.22,0,9100.96,0,9065.59
Coinbase,eth_usd,350.29,1601888105.642469,350.29,0,350.3,0,347.93
Coinbase,eth_usd,350.29,1601888105.644704,350.29,0,350.3,0,347.93
Coinbase,eth_usd,350.29,1601888106.113865,350.29,0,350.3,0,347.93
Coinbase,btc_eur,9100.35,1601888109.077507,9100.35,0,9100.9,0,9065.59
Coinbase,btc_eur,9100.86,1601888114.92585,9100.35,0,9100.86,0,9065.59
Coinbase,btc_usd,10676.51,1601888115.262285,10676.5,0,10676.51,0,10601.72
Coinbase,btc_eur,9100.35,1601888116.444736,9100.35,0,9100.86,0,9065.59
Coinbase,btc_usd,10676.51,1601888116.489844,10676.5,0,10676.51,0,10601.72
Coinbase,btc_usd,10676.51,1601888120.998824,10676.5,0,10676.51,0,10601.72
Coinbase,eth_eur,298.62,1601888123.752662,298.62,0,298.7,0,297.51
Coinbase,btc_usd,10676.51,1601888124.937793,10676.5,0,10676.51,0,10601.72
Coinbase,eth_usd,350.29,1601888126.476644,350.29,0,350.3,0,347.93
Coinbase,btc_eur,9100.84,1601888126.609911,9100.35,0,9100.84,0,9065.59
Coinbase,eth_usd,350.29,1601888126.870516,350.29,0,350.3,0,347.93
Coinbase,eth_usd,350.29,1601888126.871027,350.29,0,350.3,0,347.93
Coinbase,eth_usd,350.29,1601888126.871441,350.29,0,350.3,0,347.93
Coinbase,eth_usd,350.29,1601888126.872187,350.29,0,350.3,0,347.93
Coinbase,eth_usd,350.29,1601888126.872893,350.25,0,350.3,0,347.93
Coinbase,btc_eur,9100.84,1601888127.209837,9100.35,0,9100.84,0,9065.59
Coinbase,btc_eur,9100.65,1601888133.239883,9100.35,0,9100.66,0,9065.59
Coinbase,btc_eur,9100.66,1601888133.24245,9100.35,0,9100.66,0,9065.59
Coinbase,btc_usd,10676.51,1601888134.03719,10676.5,0,10676.51,0,10601.72
Coinbase,eth_usd,350.26,1601888134.055301,350.25,0,350.26,0,347.93
Coinbase,btc_usd,10676.51,1601888134.593287,10676.5,0,10676.51,0,10601.72
Coinbase,eth_eur,298.7,1601888136.491532,298.63,0,298.7,0,297.51
Coinbase,btc_usd,10676.51,1601888142.662267,10676.5,0,10676.51,0,10601.72
Coinbase,btc_usd,10676.51,1601888142.665258,10676.5,0,10676.51,0,10601.72
Coinbase,btc_usd,10676.51,1601888144.373887,10676.5,0,10676.51,0,10601.72
Coinbase,btc_eur,9100.66,1601888144.383498,9100.66,0,9100.67,0,9065.59
Coinbase,btc_eur,9100.66,1601888145.040297,9100.66,0,9100.67,0,9065.59
Coinbase,btc_usd,10676.51,1601888146.085146,10676.5,0,10676.51,0,10601.72
Coinbase,btc_eur,9100.67,1601888146.253825,9100.66,0,9100.67,0,9065.59
Coinbase,btc_usd,10676.51,1601888149.046755,10676.5,0,10676.51,0,10601.72
Coinbase,btc_eur,9100.66,1601888151.738781,9100.35,0,9100.79,0,9065.59
Coinbase,btc_eur,9100.35,1601888151.739309,9098.91,0,9100.79,0,9065.59
Coinbase,btc_eur,9098.91,1601888151.739964,9098.91,0,9100.79,0,9065.59
Coinbase,btc_usd,10676.51,1601888157.670698,10676.5,0,10676.51,0,10601.72
Coinbase,eth_usd,350.26,1601888162.227144,350.25,0,350.26,0,347.93
Coinbase,eth_usd,350.25,1601888163.242943,350.25,0,350.26,0,347.93
Coinbase,btc_eur,9099.68,1601888164.88837,9097.48,0,9099.68,0,9065.59
Coinbase,btc_eur,9098.23,1601888166.432118,9098.23,0,9099.67,0,9065.59
Coinbase,eth_eur,298.73,1601888169.202925,298.66,0,298.73,0,297.51
Coinbase,btc_usd,10676.51,1601888171.855535,10676.5,0,10676.51,0,10601.72
Coinbase,eth_usd,350.26,1601888180.753229,350.25,0,350.26,0,347.93
Coinbase,btc_usd,10676.51,1601888182.527673,10676.5,0,10676.51,0,10601.72
Coinbase,btc_eur,9098.48,1601888184.536633,9098.48,0,9099.78,0,9065.59
Coinbase,btc_usd,10676.51,1601888185.634215,10676.5,0,10676.51,0,10601.72
Coinbase,btc_usd,10676.51,1601888185.866117,10676.5,0,10676.51,0,10601.72
Coinbase,btc_usd,10676.51,1601888188.622952,10676.5,0,10676.51,0,10601.72
Coinbase,btc_eur,9099.97,1601888193.140951,9098.55,0,9099.97,0,9065.59
Coinbase,btc_usd,10676.51,1601888194.049102,10676.5,0,10676.51,0,10601.72
Coinbase,eth_usd,350.26,1601888194.630199,350.25,0,350.26,0,347.93
Coinbase,eth_usd,350.26,1601888194.631997,350.25,0,350.26,0,347.93
Coinbase,btc_usd,10676.51,1601888194.906795,10676.5,0,10676.51,0,10601.72
Coinbase,btc_eur,9098.03,1601888194.917683,9098.03,0,9099.91,0,9065.59
Coinbase,btc_usd,10676.5,1601888195.42541,10676.5,0,10676.51,0,10601.72
Coinbase,btc_usd,10676.5,1601888195.426229,10676.5,0,10676.51,0,10601.72
Coinbase,btc_usd,10676.5,1601888195.427325,10674.62,0,10676.51,0,10601.72
Coinbase,btc_usd,10674.62,1601888195.42814,10674.57,0,10676.51,0,10601.72
Coinbase,btc_usd,10674.57,1601888195.42861,10674.56,0,10676.51,0,10601.72
Coinbase,btc_usd,10674.56,1601888195.429667,10674.47,0,10676.51,0,10601.72
Coinbase,btc_usd,10674.47,1601888195.430331,10674.32,0,10676.51,0,10601.72
Coinbase,btc_usd,10674.32,1601888195.43084,10673.91,0,10676.51,0,10601.72
Coinbase,btc_usd,10673.91,1601888195.431387,10673.91,0,10676.51,0,10601.72
Coinbase,btc_eur,9097.75,1601888195.863173,9097.75,0,9099.87,0,9065.59
Coinbase,btc_usd,10674.48,1601888196.626148,10673.95,0,10674.49,0,10601.72
Coinbase,btc_usd,10673.95,1601888196.62664,10673.95,0,10674.49,0,10601.72
Coinbase,btc_usd,10673.95,1601888196.640861,10673.95,0,10673.96,0,10601.72
Coinbase,btc_eur,9099.66,1601888197.75098,9096.48,0,9099.66,0,9065.59
Coinbase,btc_usd,10673.96,1601888198.964272,10673.95,0,10673.96,0,10601.72
Coinbase,btc_eur,9099.55,1601888200.709452,9097.16,0,9099.56,0,9065.59
Coinbase,btc_eur,9099.56,1601888200.71005,9097.16,0,9099.58,0,9065.59
Coinbase,btc_eur,9099.58,1601888200.710729,9097.16,0,9099.58,0,9065.59
Coinbase,eth_usd,350.26,1601888201.626748,350.25,0,350.26,0,347.93
Coinbase,btc_usd,10673.96,1601888204.276662,10673.95,0,10673.96,0,10601.72
Coinbase,btc_usd,10675.69,1601888204.41244,10675.69,0,10675.7,0,10601.72
Coinbase,btc_usd,10675.7,1601888206.884317,10675.69,0,10675.7,0,10601.72
Coinbase,btc_usd,10675.7,1601888206.885431,10675.69,0,10675.7,0,10601.72
Coinbase,btc_eur,9097.98,1601888207.811057,9097.98,0,9099.81,0,9065.59
Coinbase,btc_eur,9099.77,1601888210.14605,9097.98,0,9099.77,0,9065.59
Coinbase,btc_usd,10675.0,1601888215.514464,10674.66,0,10675.0,0,10601.72
Coinbase,eth_usd,350.26,1601888216.944412,350.25,0,350.26,0,347.93
Coinbase,btc_eur,9099.67,1601888218.726119,9097.43,0,9099.68,0,9065.59
Coinbase,btc_eur,9099.68,1601888218.727098,9097.43,0,9099.68,0,9065.59
Coinbase,btc_usd,10674.68,1601888220.561847,10674.68,0,10674.69,0,10601.72
Coinbase,btc_usd,10674.69,1601888220.600728,10674.68,0,10674.69,0,10601.72
Coinbase,btc_eur,9099.61,1601888221.237776,9097.44,0,9099.61,0,9065.59
Coinbase,eth_usd,350.26,1601888223.175081,350.25,0,350.26,0,347.93
Coinbase,eth_usd,350.26,1601888223.175557,350.25,0,350.26,0,347.93
Coinbase,eth_usd,350.26,1601888223.175948,350.25,0,350.26,0,347.93
Coinbase,eth_usd,350.26,1601888223.176321,350.25,0,350.35,0,347.93
Coinbase,btc_usd,10674.51,1601888223.270602,10674.5,0,10674.51,0,10601.72
Coinbase,btc_usd,10674.51,1601888223.308273,10674.5,0,10674.51,0,10601.72
Coinbase,btc_usd,10674.51,1601888223.30871,10674.5,0,10674.51,0,10601.72
Coinbase,btc_usd,10676.47,1601888225.86789,10676.47,0,10676.48,0,10601.72
Coinbase,btc_eur,9099.99,1601888227.788237,9098.48,0,9099.99,0,9065.59
Coinbase,btc_usd,10676.01,1601888228.112649,10676.0,0,10676.01,0,10601.72
Coinbase,btc_usd,10676.27,1601888228.790756,10676.0,0,10676.27,0,10601.72
Coinbase,eth_usd,350.34,1601888233.281514,350.33,0,350.34,0,347.93
Coinbase,eth_usd,350.34,1601888233.288764,350.33,0,350.34,0,347.93
Coinbase,eth_eur,298.7,1601888239.819734,298.61,0,298.74,0,297.51
Coinbase,eth_eur,298.74,1601888239.846008,298.61,0,298.74,0,297.51
Coinbase,btc_eur,9099.84,1601888241.935639,9097.91,0,9099.85,0,9065.59
Coinbase,btc_eur,9099.85,1601888241.938116,9097.91,0,9099.85,0,9065.59
Coinbase,btc_eur,9097.93,1601888242.43909,9097.93,0,9099.84,0,9065.59
Coinbase,btc_usd,10675.01,1601888243.318312,10674.39,0,10675.01,0,10601.72
Coinbase,btc_usd,10674.95,1601888244.442992,10674.08,0,10674.95,0,10601.72
Coinbase,eth_usd,350.34,1601888249.575037,350.33,0,350.34,0,347.93
Coinbase,eth_eur,298.72,1601888249.590609,298.64,0,298.73,0,297.51
Coinbase,eth_eur,298.73,1601888249.591229,298.64,0,298.74,0,297.51
Coinbase,eth_eur,298.74,1601888249.591627,298.64,0,298.74,0,297.51
Coinbase,eth_usd,350.34,1601888250.097876,350.33,0,350.34,0,347.93
Coinbase,btc_usd,10674.22,1601888250.515003,10674.22,0,10674.56,0,10601.72
Coinbase,btc_usd,10674.8,1601888252.863092,10674.2,0,10674.8,0,10601.72
Coinbase,btc_usd,10674.26,1601888253.862389,10674.26,0,10674.8,0,10601.72
Coinbase,btc_eur,9097.46,1601888254.511656,9097.46,0,9099.28,0,9065.59
Coinbase,btc_usd,10674.8,1601888255.134651,10674.21,0,10674.83,0,10601.72
Coinbase,btc_usd,10674.83,1601888255.135138,10674.21,0,10674.83,0,10601.72
Coinbase,btc_usd,10674.84,1601888255.204339,10674.21,0,10674.84,0,10601.72
Coinbase,eth_usd,350.34,1601888255.991089,350.33,0,350.34,0,347.93
Coinbase,btc_usd,10674.81,1601888257.150285,10674.24,0,10674.82,0,10601.72
Coinbase,btc_usd,10674.82,1601888257.150839,10674.24,0,10674.82,0,10601.72
Coinbase,btc_usd,10675.43,1601888257.809228,10674.52,0,10675.43,0,10601.72
Coinbase,eth_usd,350.34,1601888257.92351,350.33,0,350.34,0,347.93
Coinbase,btc_eur,9097.46,1601888259.453855,9097.46,0,9099.92,0,9065.59
Coinbase,eth_usd,350.34,1601888262.914017,350.33,0,350.34,0,347.93
Coinbase,eth_usd,350.34,1601888266.490135,350.33,0,350.34,0,347.93
Coinbase,eth_usd,350.35,1601888267.544369,350.34,0,350.35,0,347.93
Coinbase,eth_usd,350.35,1601888268.003066,350.34,0,350.48,0,347.93
Coinbase,eth_eur,298.78,1601888269.316339,298.68,0,298.78,0,297.51
Coinbase,eth_usd,350.49,1601888271.86267,350.48,0,350.49,0,347.93
Coinbase,btc_usd,10676.01,1601888272.130703,10676.0,0,10676.01,0,10601.72
Coinbase,eth_usd,350.48,1601888272.81622,350.48,0,350.49,0,347.93
Coinbase,btc_usd,10676.01,1601888274.073865,10675.47,0,10676.01,0,10601.72
Coinbase,btc_usd,10676.01,1601888274.07471,10675.47,0,10676.01,0,10601.72
Coinbase,btc_eur,9098.29,1601888275.107826,9098.29,0,9099.91,0,9065.59
Coinbase,btc_usd,10675.93,1601888275.879625,10675.39,0,10675.93,0,10601.72
Coinbase,eth_eur,298.74,1601888275.943071,298.67,0,298.78,0,297.51
Coinbase,eth_eur,298.67,1601888275.943539,298.61,0,298.78,0,297.51
Coinbase,eth_eur,298.61,1601888275.943896,298.61,0,298.78,0,297.51
Coinbase,btc_eur,9099.84,1601888279.048049,9098.3,0,9099.84,0,9065.59
Coinbase,btc_usd,10675.1,1601888281.247276,10674.73,0,10675.1,0,10601.72
Coinbase,eth_usd,350.49,1601888282.09592,350.48,0,350.49,0,347.93
Coinbase,btc_eur,9097.22,1601888284.880617,9097.22,0,9099.62,0,9065.59
Coinbase,eth_usd,350.48,1601888289.020358,350.48,0,350.49,0,347.93
Coinbase,btc_usd,10675.64,1601888292.106704,10675.64,0,10675.65,0,10601.72
Coinbase,btc_eur,9097.26,1601888293.034348,9097.26,0,9099.56,0,9065.59
Coinbase,btc_eur,9098.3,1601888295.483318,9098.3,0,9099.98,0,9065.59
Coinbase,btc_eur,9099.9,1601888298.647954,9098.31,0,9099.9,0,9065.59
Coinbase,btc_usd,10676.29,1601888298.974058,10675.72,0,10676.29,0,10601.72
Coinbase,btc_usd,10676.29,1601888299.225793,10676.29,0,10676.3,0,10601.72
Coinbase,btc_eur,9099.88,1601888304.251112,9098.31,0,9099.88,0,9065.59
Coinbase,btc_eur,9098.31,1601888304.450181,9098.31,0,9099.88,0,9065.59
Coinbase,btc_usd,10676.59,1601888307.084076,10676.02,0,10676.59,0,10601.72
Coinbase,eth_usd,350.49,1601888307.09733,350.48,0,350.49,0,347.93
Coinbase,btc_eur,9098.11,1601888309.451655,9098.11,0,9099.26,0,9065.59
Coinbase,eth_eur,298.69,1601888309.610748,298.64,0,298.7,0,297.51
Coinbase,eth_eur,298.7,1601888309.61155,298.64,0,298.7,0,297.51
Coinbase,btc_usd,10676.54,1601888312.224914,10676.53,0,10677.24,0,10601.72
Coinbase,btc_usd,10676.53,1601888312.225741,10676.53,0,10677.24,0,10601.72
Coinbase,btc_usd,10675.98,1601888317.772474,10675.97,0,10675.98,0,10601.72
Coinbase,eth_usd,350.49,1601888320.371703,350.48,0,350.49,0,347.93
Coinbase,btc_usd,10675.9,1601888320.73628,10675.58,0,10676.41,0,10601.72
Coinbase,btc_usd,10676.41,1601888320.736777,10675.58,0,10676.41,0,10601.72
Coinbase,eth_usd,350.57,1601888326.237832,350.57,0,350.59,0,347.93
Coinbase,btc_usd,10675.87,1601888327.827224,10675.86,0,10675.87,0,10601.72
Coinbase,btc_eur,9098.29,1601888327.872546,9097.24,0,9098.29,0,9065.59
Coinbase,btc_usd,10675.92,1601888332.595464,10675.28,0,10675.92,0,10601.72
Coinbase,eth_usd,350.61,1601888336.097575,350.6,0,350.61,0,347.93
Coinbase,eth_usd,350.61,1601888336.100975,350.6,0,350.61,0,347.93
Coinbase,eth_usd,350.61,1601888336.101411,350.6,0,350.61,0,347.93
Coinbase,eth_eur,298.82,1601888338.142025,298.71,0,298.84,0,297.51
Coinbase,eth_eur,298.71,1601888338.14248,298.71,0,298.84,0,297.51
Coinbase,btc_usd,10676.43,1601888338.836791,10676.42,0,10676.43,0,10601.72
Coinbase,eth_usd,350.61,1601888343.473053,350.61,0,350.62,0,347.93
Coinbase,eth_usd,350.61,1601888343.473442,350.61,0,350.62,0,347.93
Coinbase,eth_usd,350.61,1601888343.484906,350.61,0,350.62,0,347.93
Coinbase,eth_usd,350.61,1601888343.485315,350.44,0,350.62,0,347.93
Coinbase,btc_usd,10674.7,1601888344.986734,10672.96,0,10674.71,0,10601.72
Coinbase,btc_usd,10672.96,1601888344.987238,10672.96,0,10674.71,0,10601.72
Coinbase,eth_eur,298.72,1601888345.265559,298.54,0,298.72,0,297.51
Coinbase,eth_eur,298.69,1601888347.78886,298.56,0,298.69,0,297.51
Coinbase,btc_usd,10674.89,1601888348.845862,10673.56,0,10674.89,0,10601.72
Coinbase,eth_eur,298.67,1601888362.012707,298.58,0,298.67,0,297.51
Coinbase,eth_usd,350.32,1601888362.764369,350.31,0,350.32,0,347.93
Coinbase,btc_eur,9096.0,1601888363.92773,9095.0,0,9097.52,0,9065.59
Coinbase,btc_eur,9095.0,1601888363.928215,9094.46,0,9097.52,0,9065.59
Coinbase,btc_eur,9094.46,1601888363.928556,9094.46,0,9097.52,0,9065.59
Coinbase,btc_usd,10674.59,1601888365.918136,10674.11,0,10674.59,0,10601.72
Coinbase,eth_usd,350.37,1601888372.829429,350.34,0,350.37,0,347.93
Coinbase,btc_usd,10676.25,1601888373.829013,10675.76,0,10676.25,0,10601.72
Coinbase,btc_eur,9095.7,1601888374.989811,9095.7,0,9096.75,0,9065.59
Coinbase,btc_usd,10675.66,1601888376.000104,10674.89,0,10675.66,0,10601.72
Coinbase,btc_eur,9097.94,1601888376.020481,9095.71,0,9097.94,0,9065.59
Coinbase,btc_usd,10674.89,1601888376.034203,10674.89,0,10675.68,0,10601.72
Coinbase,btc_usd,10675.81,1601888379.357441,10675.23,0,10675.81,0,10601.72
Coinbase,btc_eur,9098.15,1601888380.230247,9095.71,0,9098.16,0,9065.59
Coinbase,btc_eur,9098.16,1601888380.23068,9095.71,0,9098.16,0,9065.59
Coinbase,eth_usd,350.36,1601888382.000705,350.36,0,350.37,0,347.93
Coinbase,eth_usd,350.36,1601888382.00151,350.36,0,350.37,0,347.93
Coinbase,btc_eur,9098.12,1601888387.785801,9095.48,0,9098.12,0,9065.59
Coinbase,eth_usd,350.36,1601888387.910617,350.35,0,350.36,0,347.93
Coinbase,btc_usd,10674.44,1601888388.310607,10674.44,0,10674.89,0,10601.72
Coinbase,btc_usd,10674.89,1601888388.89696,10674.4,0,10674.89,0,10601.72
Coinbase,eth_usd,350.35,1601888391.287228,350.35,0,350.36,0,347.93
Coinbase,btc_usd,10674.66,1601888395.980004,10673.97,0,10674.66,0,10601.72
Coinbase,btc_usd,10674.66,1601888398.440184,10674.65,0,10674.66,0,10601.72
Coinbase,btc_eur,9097.96,1601888399.264111,9095.45,0,9097.97,0,9065.59
Coinbase,btc_eur,9097.97,1601888399.267919,9095.45,0,9097.97,0,9065.59
Coinbase,eth_usd,350.36,1601888399.758574,350.35,0,350.36,0,347.93
Coinbase,btc_usd,10674.66,1601888400.490954,10674.65,0,10674.66,0,10601.72
Coinbase,btc_eur,9096.33,1601888400.736111,9096.33,0,9098.47,0,9065.59
Coinbase,btc_eur,9094.45,1601888401.712078,9094.45,0,9097.75,0,9065.59
Coinbase,eth_usd,350.36,1601888401.932703,350.35,0,350.36,0,347.93
Coinbase,btc_eur,9095.22,1601888402.092491,9095.22,0,9097.75,0,9065.59
Coinbase,eth_usd,350.35,1601888402.842253,350.35,0,350.36,0,347.93
Coinbase,eth_usd,350.35,1601888402.842659,350.25,0,350.36,0,347.93
Coinbase,eth_usd,350.25,1601888403.255863,350.25,0,350.26,0,347.93
Coinbase,eth_usd,350.25,1601888403.449324,350.2,0,350.26,0,347.93
Coinbase,eth_usd,350.2,1601888403.451215,350.2,0,350.26,0,347.93
Coinbase,eth_usd,350.2,1601888403.530093,350.2,0,350.23,0,347.93
Coinbase,eth_usd,350.2,1601888403.562963,350.13,0,350.21,0,347.93
Coinbase,eth_eur,298.42,1601888403.694355,298.19,0,298.42,0,297.51
Coinbase,eth_usd,350.13,1601888404.655893,350.13,0,350.14,0,347.93
Coinbase,eth_usd,350.13,1601888404.688234,350.13,0,350.14,0,347.93
Coinbase,eth_usd,350.13,1601888404.789846,350.13,0,350.14,0,347.93
Coinbase,eth_usd,350.13,1601888404.949868,350.13,0,350.14,0,347.93
Coinbase,eth_usd,350.13,1601888404.986049,350.13,0,350.14,0,347.93
Coinbase,eth_usd,350.13,1601888405.05432,350.13,0,350.14,0,347.93
Coinbase,eth_usd,350.13,1601888405.082914,350.02,0,350.14,0,347.93
Coinbase,btc_eur,9094.6,1601888405.40878,9094.6,0,9096.95,0,9065.59
Coinbase,btc_usd,10674.66,1601888408.820083,10674.65,0,10674.66,0,10601.72
Coinbase,btc_eur,9096.87,1601888409.034475,9094.8,0,9096.87,0,9065.59
Coinbase,btc_eur,9096.85,1601888410.420041,9094.8,0,9096.85,0,9065.59
Coinbase,btc_usd,10674.66,1601888411.21343,10674.65,0,10674.66,0,10601.72
Coinbase,eth_eur,298.35,1601888417.79601,298.18,0,298.35,0,297.51
Coinbase,eth_usd,350.05,1601888419.22116,350.04,0,350.05,0,347.29
Coinbase,eth_usd,350.05,1601888419.600202,350.04,0,350.05,0,347.29
Coinbase,btc_eur,9096.56,1601888420.115977,9094.8,0,9096.56,0,9063.31
Coinbase,eth_usd,350.04,1601888420.965195,350.04,0,350.05,0,347.29
Coinbase,eth_usd,350.04,1601888420.966318,350.04,0,350.05,0,347.29
Coinbase,eth_usd,350.04,1601888420.96761,350.02,0,350.05,0,347.29
Coinbase,btc_usd,10674.66,1601888421.684234,10674.65,0,10674.66,0,10600.91
Coinbase,eth_eur,298.16,1601888423.715636,298.15,0,298.27,0,296.87
Coinbase,eth_eur,298.15,1601888423.716049,298.12,0,298.27,0,296.87
Coinbase,eth_eur,298.12,1601888423.71641,298.1,0,298.27,0,296.87
Coinbase,eth_eur,298.1,1601888423.716803,298.1,0,298.27,0,296.87
Coinbase,btc_usd,10674.66,1601888423.80811,10674.65,0,10674.66,0,10600.91
Coinbase,btc_eur,9097.07,1601888424.314357,9094.36,0,9097.07,0,9063.31
Coinbase,btc_usd,10674.66,1601888427.817906,10674.65,0,10674.66,0,10600.91
Coinbase,btc_usd,10674.66,1601888430.682501,10674.65,0,10674.66,0,10600.91
Coinbase,eth_usd,350.02,1601888432.206055,350.02,0,350.03,0,347.29
Coinbase,eth_usd,350.02,1601888432.207703,350.02,0,350.03,0,347.29
Coinbase,eth_usd,350.02,1601888432.208741,350.02,0,350.03,0,347.29
Coinbase,eth_usd,350.02,1601888432.213094,350.02,0,350.03,0,347.29
Coinbase,eth_usd,350.02,1601888432.213489,350.0,0,350.03,0,347.29
Coinbase,eth_usd,350.0,1601888432.213848,350.0,0,350.03,0,347.29
Coinbase,eth_usd,350.0,1601888432.214514,349.88,0,350.03,0,347.29
Coinbase,btc_usd,10674.65,1601888433.171377,10671.37,0,10674.66,0,10600.91
Coinbase,btc_eur,9096.32,1601888433.978107,9094.25,0,9096.32,0,9063.31
Coinbase,btc_usd,10672.89,1601888434.040845,10672.42,0,10672.89,0,10600.91
Coinbase,btc_usd,10672.3,1601888439.843105,10671.66,0,10672.3,0,10600.91
Coinbase,btc_eur,9094.63,1601888444.189958,9094.0,0,9094.63,0,9063.31
Coinbase,btc_eur,9094.0,1601888444.330134,9093.0,0,9094.63,0,9063.31
Coinbase,btc_eur,9093.0,1601888444.330507,9093.0,0,9094.63,0,9063.31
Coinbase,btc_eur,9093.0,1601888444.330851,9092.0,0,9094.63,0,9063.31
Coinbase,btc_eur,9092.0,1601888446.759506,9091.32,0,9094.63,0,9063.31
Coinbase,btc_eur,9091.32,1601888446.76,9091.32,0,9094.63,0,9063.31
Coinbase,btc_usd,10670.78,1601888446.760361,10669.84,0,10670.79,0,10600.91
Coinbase,btc_eur,9093.01,1601888446.760726,9091.05,0,9093.01,0,9063.31
Coinbase,btc_eur,9093.01,1601888446.76109,9091.05,0,9093.01,0,9063.31
Coinbase,btc_usd,10669.84,1601888446.761462,10669.59,0,10669.85,0,10600.91
Coinbase,btc_usd,10669.59,1601888446.761823,10668.66,0,10669.85,0,10600.91
Coinbase,eth_usd,349.91,1601888449.831306,349.9,0,349.91,0,347.29
Coinbase,btc_usd,10669.17,1601888451.170992,10668.61,0,10669.17,0,10600.91
Coinbase,btc_usd,10669.17,1601888451.173422,10668.61,0,10669.17,0,10600.91
Coinbase,btc_usd,10668.21,1601888452.098696,10667.02,0,10668.22,0,10600.91
Coinbase,btc_usd,10667.02,1601888452.101099,10667.01,0,10668.22,0,10600.91
Coinbase,btc_usd,10667.01,1601888452.101763,10666.92,0,10668.22,0,10600.91
Coinbase,btc_usd,10666.92,1601888452.103799,10666.82,0,10668.22,0,10600.91
Coinbase,btc_usd,10666.82,1601888452.106132,10666.49,0,10668.22,0,10600.91
Coinbase,btc_usd,10666.49,1601888452.111848,10666.36,0,10668.22,0,10600.91
Coinbase,btc_usd,10666.36,1601888452.113671,10666.01,0,10668.22,0,10600.91
Coinbase,btc_usd,10666.01,1601888452.119534,10665.71,0,10668.22,0,10600.91
Coinbase,btc_usd,10665.71,1601888452.119902,10665.7,0,10668.22,0,10600.91
Coinbase,btc_usd,10665.7,1601888452.12082,10665.69,0,10668.22,0,10600.91
Coinbase,btc_usd,10665.69,1601888452.121185,10665.57,0,10668.22,0,10600.91
Coinbase,btc_usd,10665.57,1601888452.121545,10665.56,0,10668.22,0,10600.91
Coinbase,btc_usd,10665.56,1601888452.121902,10665.56,0,10668.22,0,10600.91
Coinbase,btc_usd,10667.11,1601888453.580774,10667.11,0,10667.98,0,10600.91
Coinbase,btc_usd,10666.7,1601888453.836211,10666.7,0,10667.53,0,10600.91
Coinbase,eth_usd,349.91,1601888454.498704,349.9,0,349.91,0,347.29
Coinbase,eth_eur,298.13,1601888454.667414,298.1,0,298.13,0,296.87
Coinbase,eth_usd,349.91,1601888454.679668,349.9,0,349.91,0,347.29
Coinbase,eth_eur,298.14,1601888455.240883,298.1,0,298.14,0,296.87
Coinbase,btc_eur,9092.06,1601888455.93966,9091.0,0,9092.07,0,9063.31
Coinbase,btc_eur,9092.07,1601888455.940919,9091.0,0,9092.08,0,9063.31
Coinbase,btc_eur,9092.08,1601888455.941375,9091.0,0,9092.08,0,9063.31
Coinbase,btc_usd,10669.13,1601888456.046168,10668.21,0,10669.13,0,10600.91
Coinbase,eth_usd,349.91,1601888456.825315,349.9,0,349.91,0,347.29
Coinbase,btc_eur,9091.97,1601888458.234788,9091.0,0,9091.97,0,9063.31
Coinbase,btc_eur,9091.97,1601888458.23547,9091.0,0,9091.97,0,9063.31
Coinbase,btc_eur,9091.98,1601888459.557255,9091.0,0,9091.98,0,9063.31
Coinbase,btc_eur,9092.23,1601888464.154526,9091.0,0,9092.23,0,9063.31
Coinbase,btc_eur,9091.0,1601888468.101433,9090.0,0,9092.79,0,9063.31
Coinbase,btc_eur,9090.0,1601888468.102426,9090.0,0,9092.79,0,9063.31
Coinbase,btc_eur,9090.0,1601888468.103497,9089.58,0,9092.79,0,9063.31
Coinbase,btc_eur,9089.58,1601888468.104442,9089.58,0,9092.79,0,9063.31
Coinbase,btc_usd,10669.52,1601888471.375187,10668.95,0,10669.52,0,10600.91
Coinbase,btc_usd,10669.48,1601888472.256718,10668.92,0,10669.48,0,10600.91
Coinbase,btc_usd,10668.94,1601888473.210396,10668.35,0,10668.94,0,10600.91
Coinbase,btc_eur,9089.57,1601888474.766503,9089.57,0,9090.0,0,9063.31
Coinbase,eth_usd,349.9,1601888476.227312,349.9,0,349.91,0,347.29
Coinbase,btc_usd,10668.81,1601888476.447748,10668.81,0,10669.67,0,10600.91
Coinbase,btc_eur,9089.59,1601888477.192267,9089.59,0,9090.0,0,9063.31
Coinbase,eth_usd,349.91,1601888478.97512,349.9,0,349.91,0,347.29
Coinbase,btc_eur,9090.0,1601888480.959661,9089.58,0,9090.0,0,9063.31
Coinbase,eth_usd,349.91,1601888481.094105,349.9,0,349.91,0,347.29
Coinbase,btc_usd,10669.64,1601888481.356884,10669.12,0,10669.64,0,10600.91
Coinbase,eth_usd,349.91,1601888481.563255,349.9,0,349.91,0,347.29
Coinbase,btc_usd,10669.64,1601888482.233658,10669.12,0,10669.64,0,10600.91
Coinbase,btc_eur,9090.0,1601888486.875651,9089.57,0,9092.78,0,9063.31
Coinbase,btc_eur,9092.78,1601888486.876188,9089.57,0,9092.78,0,9063.31
Coinbase,btc_usd,10669.24,1601888495.014914,10669.23,0,10669.24,0,10600.91
Coinbase,btc_usd,10669.25,1601888500.398994,10669.25,0,10669.26,0,10600.91
Coinbase,btc_usd,10669.25,1601888500.401754,10669.25,0,10669.26,0,10600.91
Coinbase,btc_usd,10669.25,1601888502.634834,10669.25,0,10669.26,0,10600.91
Coinbase,eth_usd,349.91,1601888504.286343,349.9,0,349.91,0,347.29
Coinbase,btc_eur,9092.77,1601888504.297895,9091.35,0,9092.9,0,9063.31
Coinbase,btc_eur,9092.9,1601888504.300679,9091.35,0,9092.9,0,9063.31
Coinbase,btc_usd,10669.09,1601888506.930998,10669.08,0,10669.09,0,10600.91
Coinbase,eth_usd,349.91,1601888507.146828,349.9,0,349.91,0,347.29
Coinbase,btc_eur,9092.74,1601888509.634508,9091.37,0,9092.74,0,9063.31
Coinbase,btc_eur,9092.74,1601888509.638755,9091.37,0,9092.9,0,9063.31
Coinbase,btc_eur,9092.9,1601888509.639191,9091.37,0,9092.9,0,9063.31
Coinbase,eth_usd,349.91,1601888511.080281,349.9,0,349.91,0,347.29
Coinbase,eth_usd,349.91,1601888511.080806,349.9,0,350.0,0,347.29
Coinbase,eth_usd,349.96,1601888511.191936,349.96,0,350.02,0,347.29
Coinbase,btc_eur,9095.23,1601888515.894231,9093.72,0,9095.23,0,9063.31
Coinbase,btc_usd,10671.89,1601888517.163335,10671.88,0,10671.89,0,10600.91
Coinbase,eth_usd,350.18,1601888518.103513,350.12,0,350.18,0,347.29
Coinbase,btc_usd,10671.61,1601888518.911123,10671.02,0,10671.84,0,10600.91
Coinbase,eth_usd,350.17,1601888519.302622,350.13,0,350.17,0,347.29
Coinbase,eth_usd,350.15,1601888519.693097,350.14,0,350.15,0,347.29
Coinbase,eth_usd,350.15,1601888522.033928,350.15,0,350.16,0,347.29
Coinbase,btc_eur,9095.91,1601888527.815603,9093.93,0,9095.92,0,9063.31
Coinbase,btc_eur,9095.92,1601888527.816741,9093.93,0,9095.92,0,9063.31
Coinbase,eth_usd,350.16,1601888531.208277,350.15,0,350.16,0,347.29
Coinbase,btc_eur,9093.95,1601888534.901313,9093.95,0,9096.31,0,9063.31
Coinbase,btc_usd,10672.23,1601888535.349564,10671.48,0,10672.23,0,10600.91
Coinbase,btc_usd,10672.31,1601888535.823684,10671.79,0,10672.31,0,10600.91
Coinbase,eth_usd,350.16,1601888539.416794,350.15,0,350.16,0,347.29
Coinbase,btc_eur,9094.02,1601888540.917096,9094.02,0,9096.04,0,9063.31
Coinbase,eth_usd,350.16,1601888541.165302,350.15,0,350.16,0,347.29
Coinbase,eth_usd,350.16,1601888541.648673,350.15,0,350.16,0,347.29
Coinbase,btc_usd,10672.31,1601888543.788277,10672.3,0,10672.31,0,10600.91
Coinbase,btc_eur,9095.88,1601888547.372458,9093.89,0,9095.89,0,9063.31
Coinbase,btc_eur,9095.89,1601888547.37303,9093.89,0,9095.89,0,9063.31
Coinbase,btc_eur,9094.4,1601888551.017352,9094.4,0,9096.13,0,9063.31
Coinbase,btc_usd,10672.44,1601888554.524019,10672.44,0,10672.45,0,10600.91
Coinbase,btc_eur,9093.27,1601888555.289152,9093.27,0,9095.68,0,9063.31
Coinbase,btc_eur,9095.55,1601888558.208432,9093.48,0,9095.55,0,9063.31
Coinbase,btc_usd,10672.62,1601888559.194521,10672.61,0,10672.62,0,10600.91
Coinbase,eth_usd,350.16,1601888559.489249,350.15,0,350.29,0,347.29
Coinbase,btc_eur,9093.49,1601888563.845554,9093.49,0,9095.55,0,9063.31
Coinbase,eth_eur,298.48,1601888564.717682,298.48,0,298.52,0,296.87
Coinbase,eth_eur,298.52,1601888564.951571,298.48,0,298.52,0,296.87
Coinbase,eth_usd,350.3,1601888565.05486,350.29,0,350.3,0,347.29
Coinbase,btc_eur,9095.46,1601888567.033434,9094.19,0,9095.46,0,9063.31
Coinbase,btc_eur,9094.14,1601888570.03956,9094.14,0,9095.36,0,9063.31
Coinbase,btc_usd,10672.95,1601888570.579076,10672.95,0,10673.02,0,10600.91
Coinbase,btc_eur,9095.26,1601888571.765232,9093.56,0,9095.27,0,9063.31
Coinbase,btc_eur,9095.27,1601888571.765733,9093.56,0,9095.27,0,9063.31
Coinbase,btc_usd,10672.29,1601888571.884816,10672.29,0,10673.0,0,10600.91
Coinbase,eth_usd,350.3,1601888576.077771,350.3,0,350.31,0,347.29
Coinbase,eth_usd,350.3,1601888576.975886,350.3,0,350.31,0,347.29
Coinbase,btc_usd,10672.72,1601888577.646562,10672.71,0,10672.72,0,10600.91
Coinbase,btc_usd,10672.72,1601888577.66776,10672.71,0,10674.26,0,10600.91
Coinbase,btc_usd,10674.26,1601888577.671397,10672.71,0,10674.26,0,10600.91
Coinbase,btc_usd,10674.31,1601888578.544359,10674.31,0,10674.32,0,10600.91
Coinbase,btc_eur,9096.44,1601888578.651154,9095.75,0,9096.44,0,9063.31
Coinbase,eth_eur,298.58,1601888581.818947,298.49,0,298.58,0,296.87
Coinbase,btc_usd,10674.32,1601888581.846444,10674.31,0,10674.32,0,10600.91
Coinbase,eth_eur,298.57,1601888584.787721,298.57,0,298.6,0,296.87
Coinbase,btc_usd,10674.32,1601888588.562971,10674.31,0,10674.32,0,10600.91
Coinbase,eth_usd,350.43,1601888590.476221,350.42,0,350.43,0,347.29
Coinbase,eth_usd,350.42,1601888592.160764,350.41,0,350.42,0,347.29
Coinbase,btc_usd,10674.32,1601888593.915225,10674.31,0,10674.32,0,10600.91
Coinbase,btc_usd,10674.32,1601888593.91655,10674.31,0,10675.92,0,10600.91
Coinbase,btc_usd,10675.92,1601888593.917877,10674.31,0,10676.65,0,10600.91
Coinbase,btc_usd,10676.65,1601888593.920704,10674.31,0,10676.65,0,10600.91
Coinbase,btc_eur,9096.55,1601888593.932163,9096.54,0,9096.55,0,9063.31
Coinbase,btc_eur,9096.55,1601888594.658399,9096.54,0,9096.55,0,9063.31
Coinbase,btc_usd,10676.2,1601888595.217318,10675.42,0,10676.2,0,10600.91
Coinbase,eth_usd,350.47,1601888596.330286,350.47,0,350.48,0,347.29
Coinbase,btc_usd,10675.94,1601888603.502811,10675.75,0,10675.94,0,10600.91
Coinbase,btc_eur,9096.55,1601888603.627055,9095.83,0,9096.55,0,9063.31
Coinbase,btc_usd,10676.1,1601888606.300579,10675.93,0,10676.1,0,10600.91
Coinbase,btc_eur,9096.55,1601888608.543738,9096.54,0,9096.55,0,9063.31
Coinbase,btc_usd,10676.46,1601888608.783893,10676.46,0,10676.47,0,10600.91
Coinbase,btc_eur,9096.55,1601888609.485364,9096.54,0,9096.55,0,9063.31
Coinbase,eth_eur,298.69,1601888613.481448,298.67,0,298.69,0,296.87
Coinbase,eth_eur,298.69,1601888613.482076,298.67,0,298.69,0,296.87
Coinbase,eth_usd,350.5,1601888613.491575,350.49,0,350.5,0,347.29
Coinbase,eth_usd,350.5,1601888613.491954,350.49,0,350.5,0,347.29
Coinbase,eth_usd,350.5,1601888613.493497,350.49,0,350.5,0,347.29
Coinbase,eth_usd,350.5,1601888613.494433,350.49,0,350.5,0,347.29
Coinbase,eth_eur,298.69,1601888613.542251,298.67,0,298.69,0,296.87
Coinbase,eth_usd,350.57,1601888613.613779,350.56,0,350.64,0,347.29
Coinbase,eth_eur,298.81,1601888614.591059,298.69,0,298.81,0,296.87
Coinbase,btc_eur,9096.56,1601888615.049454,9096.31,0,9097.45,0,9063.31
Coinbase,btc_eur,9097.45,1601888615.052295,9096.31,0,9097.45,0,9063.31
Coinbase,btc_usd,10678.4,1601888615.619915,10678.4,0,10678.85,0,10600.91
Coinbase,btc_eur,9099.97,1601888617.655782,9099.06,0,9099.97,0,9063.31
Coinbase,btc_usd,10678.85,1601888619.229892,10678.84,0,10678.85,0,10600.91
Coinbase,btc_usd,10678.85,1601888622.638289,10678.84,0,10678.85,0,10600.91
Coinbase,btc_usd,10678.85,1601888623.635904,10678.84,0,10678.85,0,10600.91
Coinbase,btc_eur,9099.6,1601888624.003008,9099.6,0,9100.0,0,9063.31
Coinbase,eth_eur,298.91,1601888626.144378,298.81,0,298.91,0,296.87
Coinbase,eth_usd,350.78,1601888627.676128,350.76,0,350.78,0,347.29
Coinbase,eth_usd,350.79,1601888627.772109,350.76,0,350.79,0,347.29
Coinbase,eth_eur,298.82,1601888628.445159,298.82,0,298.92,0,296.87
Coinbase,btc_eur,9100.0,1601888628.725569,9099.6,0,9100.0,0,9063.31
Coinbase,btc_usd,10679.98,1601888637.765895,10679.97,0,10680.61,0,10600.91
Coinbase,btc_usd,10680.61,1601888637.76644,10679.97,0,10680.61,0,10600.91
Coinbase,btc_eur,9098.53,1601888641.452521,9098.53,0,9099.7,0,9063.31
Coinbase,btc_usd,10680.61,1601888643.739397,10680.6,0,10680.61,0,10600.91
Coinbase,eth_eur,298.85,1601888647.058584,298.85,0,298.92,0,296.87
Coinbase,btc_usd,10680.61,1601888648.144692,10680.6,0,10680.61,0,10600.91
Coinbase,btc_usd,10680.61,1601888650.82189,10680.6,0,10680.61,0,10600.91
Coinbase,btc_usd,10680.61,1601888651.794567,10680.6,0,10680.61,0,10600.91
Coinbase,btc_eur,9099.95,1601888653.016095,9097.82,0,9099.95,0,9063.31
Coinbase,btc_eur,9099.95,1601888654.997216,9097.96,0,9099.95,0,9063.31
Coinbase,btc_usd,10680.61,1601888655.995063,10680.6,0,10680.61,0,10600.91
Coinbase,eth_eur,298.93,1601888660.282458,298.85,0,298.93,0,296.87
Coinbase,btc_eur,9099.95,1601888660.833558,9098.54,0,9099.95,0,9063.31
Coinbase,eth_eur,298.85,1601888663.931891,298.85,0,298.93,0,296.87
Coinbase,btc_eur,9099.95,1601888667.421353,9098.94,0,9099.95,0,9063.31
Coinbase,eth_usd,350.82,1601888668.296118,350.82,0,350.87,0,347.29
Coinbase,btc_eur,9098.94,1601888669.198789,9098.94,0,9099.95,0,9063.31
Coinbase,btc_usd,10680.63,1601888669.221968,10680.62,0,10680.63,0,10600.91
Coinbase,btc_eur,9099.95,1601888670.162106,9098.94,0,9099.95,0,9063.31
Coinbase,btc_eur,9098.94,1601888675.374657,9098.94,0,9099.95,0,9063.31
Coinbase,eth_eur,298.84,1601888680.767419,298.82,0,298.99,0,296.87
Coinbase,eth_usd,350.88,1601888681.411206,350.87,0,350.92,0,347.29
Coinbase,eth_usd,350.92,1601888681.411679,350.87,0,350.97,0,347.29
Coinbase,eth_eur,298.97,1601888681.502241,298.89,0,298.97,0,296.87
Coinbase,eth_eur,298.97,1601888681.507609,298.89,0,298.97,0,296.87
Coinbase,eth_eur,299.01,1601888681.546588,298.9,0,299.01,0,296.87
Coinbase,eth_eur,299.01,1601888681.551873,298.9,0,299.01,0,296.87
Coinbase,eth_eur,299.01,1601888681.558378,298.9,0,299.01,0,296.87
Coinbase,eth_eur,299.01,1601888681.567797,298.9,0,299.01,0,296.87
Coinbase,eth_eur,299.01,1601888681.575071,298.9,0,299.01,0,296.87
Coinbase,eth_eur,299.01,1601888681.575905,298.9,0,299.01,0,296.87
Coinbase,eth_eur,299.01,1601888681.585719,298.9,0,299.01,0,296.87
Coinbase,eth_usd,351.02,1601888682.766384,351.02,0,351.04,0,347.29
Coinbase,btc_usd,10681.6,1601888683.223508,10681.59,0,10681.6,0,10600.91
Coinbase,eth_usd,351.02,1601888683.853297,351.02,0,351.03,0,347.29
Coinbase,eth_usd,351.02,1601888683.855027,351.02,0,351.03,0,347.29
Coinbase,btc_usd,10681.6,1601888684.443345,10681.59,0,10681.6,0,10600.91
Coinbase,btc_eur,9098.84,1601888685.927187,9098.84,0,9099.95,0,9063.31
Coinbase,eth_usd,351.02,1601888686.923656,351.02,0,351.03,0,347.29
Coinbase,eth_usd,351.02,1601888686.926072,351.02,0,351.03,0,347.29
Coinbase,eth_usd,351.02,1601888686.92644,351.02,0,351.03,0,347.29
Coinbase,btc_usd,10681.59,1601888687.160716,10679.9,0,10681.6,0,10600.91
Coinbase,btc_eur,9098.84,1601888688.222042,9098.84,0,9099.95,0,9063.31
Coinbase,btc_eur,9099.47,1601888694.113218,9099.47,0,9099.91,0,9063.31
Coinbase,btc_usd,10683.03,1601888694.433505,10683.02,0,10683.03,0,10600.91
Coinbase,btc_eur,9099.47,1601888697.590456,9099.47,0,9099.87,0,9063.31
Coinbase,btc_eur,9099.99,1601888699.84347,9099.48,0,9099.99,0,9063.31
Coinbase,btc_usd,10683.03,1601888700.459409,10683.02,0,10683.03,0,10600.91
Coinbase,btc_usd,10683.02,1601888701.335477,10683.02,0,10683.03,0,10600.91
Coinbase,btc_eur,9099.46,1601888710.72711,9099.46,0,9099.99,0,9063.31
Coinbase,btc_usd,10683.03,1601888714.477012,10683.02,0,10683.03,0,10600.91
Coinbase,btc_eur,9100.0,1601888714.523953,9099.47,0,9100.0,0,9063.31
Coinbase,btc_usd,10684.11,1601888715.482549,10684.1,0,10684.11,0,10600.91
Coinbase,btc_usd,10684.11,1601888715.746006,10684.1,0,10684.11,0,10600.91
Coinbase,eth_usd,351.12,1601888716.319639,351.11,0,351.12,0,347.29
Coinbase,eth_usd,351.12,1601888717.326149,351.11,0,351.19,0,347.29
Coinbase,eth_usd,351.19,1601888717.327483,351.11,0,351.19,0,347.29
Coinbase,btc_usd,10684.09,1601888717.74511,10684.09,0,10684.1,0,10600.91
Coinbase,btc_usd,10684.1,1601888719.651214,10683.9,0,10684.5,0,10600.91
Coinbase,btc_usd,10684.5,1601888719.652291,10683.9,0,10684.5,0,10600.91
Coinbase,btc_eur,9099.99,1601888724.180187,9099.99,0,9100.0,0,9063.31
Coinbase,eth_usd,351.1,1601888725.273741,351.1,0,351.13,0,347.29
Coinbase,eth_eur,299.06,1601888726.70011,299.06,0,299.13,0,296.87
Coinbase,btc_usd,10684.29,1601888726.819672,10683.66,0,10684.29,0,10600.91
Coinbase,btc_eur,9099.99,1601888727.193524,9099.99,0,9100.0,0,9063.31
Coinbase,btc_usd,10684.2,1601888734.024461,10684.19,0,10684.2,0,10600.91
Coinbase,btc_eur,9100.0,1601888734.259192,9099.99,0,9100.0,0,9063.31
Coinbase,eth_eur,299.13,1601888734.279012,299.09,0,299.13,0,296.87
Coinbase,btc_usd,10684.19,1601888734.548903,10684.18,0,10684.19,0,10600.91
Coinbase,btc_eur,9099.99,1601888734.586615,9099.99,0,9100.0,0,9063.31
Coinbase,eth_usd,351.15,1601888735.319839,351.1,0,351.15,0,347.29
Coinbase,btc_usd,10684.2,1601888738.230023,10683.66,0,10684.77,0,10600.91
Coinbase,btc_usd,10684.77,1601888738.235087,10683.66,0,10685.1,0,10600.91
Coinbase,btc_usd,10685.1,1601888738.235475,10683.66,0,10685.1,0,10600.91
Coinbase,btc_usd,10685.1,1601888738.236143,10683.66,0,10685.65,0,10600.91
Coinbase,btc_usd,10685.65,1601888738.238211,10683.66,0,10685.66,0,10600.91
Coinbase,btc_usd,10685.66,1601888738.24218,10683.66,0,10685.71,0,10600.91
Coinbase,btc_usd,10685.71,1601888738.242579,10683.66,0,10685.71,0,10600.91
Coinbase,btc_eur,9099.99,1601888738.999777,9099.99,0,9100.0,0,9063.31
Coinbase,btc_eur,9100.0,1601888740.445898,9099.99,0,9100.0,0,9063.31
Coinbase,btc_eur,9100.0,1601888741.276296,9099.99,0,9100.0,0,9063.31
Coinbase,btc_usd,10684.37,1601888745.618377,10683.7,0,10684.38,0,10600.91
Coinbase,btc_usd,10684.38,1601888745.622211,10683.7,0,10684.38,0,10600.91
Coinbase,eth_eur,299.08,1601888746.796418,299.08,0,299.13,0,296.87
Coinbase,eth_usd,351.14,1601888747.731753,351.14,0,351.15,0,347.29
Coinbase,btc_usd,10683.78,1601888749.297676,10683.77,0,10683.78,0,10600.91
Coinbase,btc_eur,9099.7,1601888750.320209,9099.62,0,9100.0,0,9063.31
Coinbase,btc_eur,9099.62,1601888750.321953,9099.62,0,9100.0,0,9063.31
Coinbase,btc_usd,10684.08,1601888754.06268,10684.07,0,10684.08,0,10600.91
Coinbase,btc_usd,10684.08,1601888754.063316,10684.07,0,10684.08,0,10600.91
Coinbase,btc_usd,10683.95,1601888754.588389,10683.95,0,10684.08,0,10600.91
Coinbase,btc_usd,10684.08,1601888757.625949,10683.82,0,10684.08,0,10600.91
Coinbase,btc_usd,10684.08,1601888760.204533,10683.89,0,10684.08,0,10600.91
Coinbase,btc_eur,9100.0,1601888761.463831,9099.92,0,9100.0,0,9063.31
Coinbase,btc_eur,9099.92,1601888762.285623,9099.92,0,9100.0,0,9063.31
Coinbase,eth_eur,299.11,1601888764.214021,299.11,0,299.13,0,296.87
Coinbase,eth_usd,351.15,1601888764.394118,351.14,0,351.15,0,347.29
Coinbase,eth_usd,351.21,1601888766.283903,351.21,0,351.26,0,347.29
Coinbase,eth_eur,299.14,1601888766.376891,299.14,0,299.16,0,296.87
Coinbase,btc_usd,10684.42,1601888768.776138,10684.41,0,10684.48,0,10600.91
Coinbase,btc_usd,10684.48,1601888768.77675,10684.41,0,10684.48,0,10600.91
Coinbase,eth_usd,351.21,1601888770.362877,351.2,0,351.21,0,347.29
Coinbase,btc_eur,9100.0,1601888775.360864,9099.92,0,9100.5,0,9063.31
Coinbase,btc_eur,9100.5,1601888775.361424,9099.92,0,9101.19,0,9063.31
Coinbase,btc_eur,9101.19,1601888775.361792,9099.92,0,9101.78,0,9063.31
Coinbase,btc_eur,9101.78,1601888775.362166,9099.92,0,9102.31,0,9063.31
Coinbase,btc_eur,9102.31,1601888775.36254,9099.92,0,9102.32,0,9063.31
Coinbase,btc_eur,9102.32,1601888775.363229,9099.92,0,9102.32,0,9063.31
Coinbase,eth_eur,299.16,1601888775.887747,299.14,0,299.16,0,296.87
Coinbase,btc_usd,10683.77,1601888776.52209,10683.76,0,10683.77,0,10600.91
Coinbase,eth_usd,351.23,1601888778.538523,351.23,0,351.37,0,347.29
Coinbase,eth_usd,351.31,1601888778.792668,351.31,0,351.32,0,347.29
Coinbase,eth_usd,351.31,1601888779.000066,351.31,0,351.32,0,347.29
Coinbase,btc_usd,10685.28,1601888779.009793,10685.27,0,10685.28,0,10600.91
Coinbase,eth_usd,351.31,1601888779.255583,351.31,0,351.32,0,347.29
Coinbase,eth_usd,351.31,1601888779.552975,351.31,0,351.32,0,347.29
Coinbase,eth_usd,351.31,1601888783.679028,351.31,0,351.32,0,347.29
Coinbase,btc_eur,9101.37,1601888783.91169,9101.37,0,9103.39,0,9063.31
Coinbase,btc_usd,10685.29,1601888784.030457,10685.28,0,10685.29,0,10600.91
Coinbase,btc_usd,10685.29,1601888787.156104,10685.28,0,10685.29,0,10600.91
Coinbase,btc_usd,10685.29,1601888788.068656,10685.28,0,10685.29,0,10600.91
Coinbase,btc_eur,9101.27,1601888790.480454,9101.1,0,9103.26,0,9063.31
Coinbase,btc_eur,9101.1,1601888790.481361,9100.97,0,9103.26,0,9063.31
Coinbase,btc_eur,9100.97,1601888790.577213,9099.93,0,9103.26,0,9063.31
Coinbase,btc_eur,9099.93,1601888790.579838,9099.93,0,9103.26,0,9063.31
Coinbase,eth_eur,299.16,1601888792.630488,299.15,0,299.27,0,296.87
Coinbase,eth_usd,351.32,1601888794.609294,351.31,0,351.32,0,347.29
Coinbase,eth_usd,351.32,1601888794.610139,351.31,0,351.45,0,347.29
Coinbase,eth_usd,351.45,1601888794.6332,351.31,0,351.45,0,347.29
Coinbase,eth_usd,351.43,1601888798.001929,351.36,0,351.43,0,347.29
Coinbase,btc_usd,10685.29,1601888798.381362,10685.28,0,10685.29,0,10600.91
Coinbase,eth_usd,351.44,1601888803.973698,351.43,0,351.44,0,347.29
Coinbase,eth_usd,351.44,1601888804.248192,351.43,0,351.44,0,347.29
Coinbase,btc_eur,9103.02,1601888804.696883,9101.06,0,9103.02,0,9063.31
Coinbase,eth_eur,299.34,1601888805.160983,299.29,0,299.34,0,296.87
Coinbase,btc_eur,9101.06,1601888805.455941,9101.06,0,9103.01,0,9063.31
Coinbase,btc_eur,9101.06,1601888806.926316,9101.06,0,9102.99,0,9063.31
Coinbase,btc_usd,10685.29,1601888809.216228,10685.28,0,10685.29,0,10600.91
Coinbase,btc_eur,9103.38,1601888816.763014,9101.4,0,9103.38,0,9063.31
Coinbase,btc_eur,9103.34,1601888821.219039,9101.4,0,9103.35,0,9063.31
Coinbase,btc_eur,9103.35,1601888821.249492,9101.4,0,9103.35,0,9063.31
Coinbase,btc_usd,10685.81,1601888821.518407,10685.8,0,10685.81,0,10600.91
Coinbase,eth_usd,351.54,1601888821.773534,351.53,0,351.54,0,347.29
Coinbase,btc_usd,10685.8,1601888823.79723,10685.8,0,10685.81,0,10600.91
Coinbase,btc_usd,10685.81,1601888823.864887,10685.8,0,10685.81,0,10600.91
Coinbase,eth_usd,351.53,1601888823.971045,351.53,0,351.54,0,347.29
Coinbase,btc_eur,9103.38,1601888824.100772,9101.42,0,9103.38,0,9063.31
Coinbase,btc_usd,10685.81,1601888827.23837,10685.8,0,10685.81,0,10600.91
Coinbase,eth_usd,351.53,1601888830.110516,351.5,0,351.54,0,347.29
Coinbase,eth_usd,351.5,1601888830.145934,351.5,0,351.54,0,347.29
Coinbase,eth_eur,299.45,1601888830.671773,299.38,0,299.45,0,296.87
Coinbase,btc_usd,10685.81,1601888833.414245,10685.8,0,10685.81,0,10600.91
Coinbase,btc_usd,10685.81,1601888833.895048,10685.8,0,10685.81,0,10600.91
Coinbase,eth_eur,299.41,1601888836.181216,299.41,0,299.45,0,296.87
Coinbase,btc_usd,10685.81,1601888836.528537,10685.8,0,10685.81,0,10600.91
Coinbase,eth_usd,351.5,1601888837.756569,351.5,0,351.53,0,347.29
Coinbase,eth_usd,351.51,1601888843.378071,351.51,0,351.52,0,347.29
Coinbase,btc_eur,9103.01,1601888845.292588,9103.01,0,9104.52,0,9063.31
Coinbase,btc_usd,10685.81,1601888845.898777,10685.8,0,10685.81,0,10600.91
Coinbase,btc_eur,9104.52,1601888847.742134,9103.01,0,9104.52,0,9063.31
Coinbase,btc_usd,10685.81,1601888848.218694,10685.8,0,10685.81,0,10600.91
Coinbase,btc_eur,9104.51,1601888850.009034,9103.01,0,9104.51,0,9063.31
Coinbase,eth_eur,299.4,1601888850.018864,299.4,0,299.45,0,296.87
Coinbase,eth_eur,299.4,1601888852.774817,299.4,0,299.45,0,296.87
Coinbase,btc_usd,10685.81,1601888854.816108,10685.8,0,10685.81,0,10600.91
Coinbase,eth_usd,351.53,1601888856.552933,351.52,0,351.53,0,347.29
Coinbase,btc_usd,10685.8,1601888857.192279,10685.8,0,10685.81,0,10600.91
Coinbase,btc_usd,10685.81,1601888858.130156,10685.8,0,10685.81,0,10600.91
Coinbase,btc_eur,9103.01,1601888859.399639,9103.01,0,9104.51,0,9063.31
Coinbase,btc_usd,10685.81,1601888863.814716,10685.8,0,10685.81,0,10600.91
Coinbase,btc_eur,9103.01,1601888865.296028,9103.01,0,9104.27,0,9063.31
Coinbase,btc_eur,9103.01,1601888867.514326,9103.01,0,9104.18,0,9063.31
Coinbase,eth_eur,299.45,1601888868.532843,299.39,0,299.45,0,296.87
Coinbase,eth_eur,299.45,1601888870.23696,299.41,0,299.45,0,296.87
Coinbase,btc_usd,10685.8,1601888870.530005,10685.8,0,10685.81,0,10600.91
Coinbase,btc_usd,10685.8,1601888871.502307,10685.8,0,10685.81,0,10600.91
Coinbase,btc_usd,10685.8,1601888874.200172,10685.8,0,10685.81,0,10600.91
Coinbase,btc_usd,10685.8,1601888874.968841,10685.8,0,10685.81,0,10600.91
Coinbase,btc_usd,10685.8,1601888876.218528,10685.8,0,10685.81,0,10600.91
Coinbase,btc_usd,10685.8,1601888876.492952,10685.8,0,10685.81,0,10600.91
Coinbase,btc_eur,9103.01,1601888877.452285,9103.01,0,9103.99,0,9063.31
Coinbase,btc_eur,9104.16,1601888884.141039,9103.01,0,9104.16,0,9063.31
Coinbase,eth_usd,351.53,1601888884.151062,351.52,0,351.53,0,347.29
Coinbase,eth_usd,351.53,1601888886.24361,351.52,0,351.53,0,347.29
Coinbase,eth_usd,351.53,1601888891.205055,351.52,0,351.53,0,347.29
Coinbase,btc_usd,10685.81,1601888893.699967,10685.8,0,10685.81,0,10600.91
Coinbase,btc_usd,10685.81,1601888897.361449,10685.8,0,10685.81,0,10600.91
Coinbase,btc_eur,9104.63,1601888898.395321,9104.11,0,9104.63,0,9063.31
Coinbase,btc_usd,10685.81,1601888899.702857,10685.8,0,10685.81,0,10600.91
Coinbase,btc_eur,9105.59,1601888900.303494,9104.13,0,9105.59,0,9063.31
Coinbase,eth_usd,351.53,1601888900.610778,351.52,0,351.74,0,347.29
Coinbase,eth_usd,351.73,1601888903.789073,351.73,0,351.75,0,347.29
Coinbase,btc_eur,9104.68,1601888908.515086,9104.68,0,9105.44,0,9063.31
Coinbase,btc_eur,9105.44,1601888909.437967,9104.68,0,9105.6,0,9063.31
Coinbase,btc_eur,9105.6,1601888909.442342,9104.68,0,9105.74,0,9063.31
Coinbase,btc_eur,9105.74,1601888909.442876,9104.68,0,9106.08,0,9063.31
Coinbase,btc_eur,9106.08,1601888909.443249,9104.68,0,9106.08,0,9063.31
Coinbase,eth_usd,351.75,1601888911.803716,351.74,0,351.82,0,347.29
Coinbase,eth_usd,351.82,1601888911.805003,351.74,0,351.82,0,347.29
Coinbase,eth_usd,351.8,1601888915.720461,351.73,0,351.8,0,347.29
Coinbase,btc_eur,9105.78,1601888915.980946,9104.49,0,9105.78,0,9063.31
Coinbase,btc_eur,9105.76,1601888916.632743,9104.49,0,9105.76,0,9063.31
Coinbase,btc_eur,9104.49,1601888923.494578,9104.49,0,9105.87,0,9063.31
Coinbase,btc_usd,10685.81,1601888924.074105,10685.8,0,10685.81,0,10600.91
Coinbase,btc_eur,9105.85,1601888924.327627,9104.49,0,9105.85,0,9063.31
Coinbase,btc_usd,10685.8,1601888925.38056,10685.8,0,10685.81,0,10600.91
Coinbase,btc_usd,10685.8,1601888925.688164,10685.8,0,10685.81,0,10600.91
Coinbase,btc_eur,9105.87,1601888925.696981,9104.49,0,9105.87,0,9063.31
Coinbase,eth_usd,351.65,1601888929.492899,351.6,0,351.65,0,347.29
Coinbase,btc_usd,10685.81,1601888929.503361,10685.8,0,10685.81,0,10600.91
Coinbase,btc_eur,9105.88,1601888931.871585,9104.62,0,9105.88,0,9063.31
Coinbase,eth_usd,351.65,1601888933.473977,351.65,0,351.66,0,347.29
Coinbase,eth_eur,299.64,1601888933.693089,299.55,0,299.64,0,296.87
Coinbase,btc_eur,9105.88,1601888934.788122,9104.17,0,9105.89,0,9063.31
Coinbase,btc_eur,9105.89,1601888934.788644,9104.17,0,9105.89,0,9063.31
Coinbase,btc_eur,9105.89,1601888934.789022,9104.17,0,9105.89,0,9063.31
Coinbase,eth_usd,351.66,1601888935.189056,351.65,0,351.66,0,347.29
Coinbase,btc_usd,10685.81,1601888936.41077,10685.8,0,10685.81,0,10600.91
Coinbase,btc_usd,10685.81,1601888936.411449,10685.8,0,10685.81,0,10600.91
Coinbase,btc_usd,10685.81,1601888936.411824,10685.8,0,10685.81,0,10600.91
Coinbase,btc_usd,10685.81,1601888936.41258,10685.8,0,10685.81,0,10600.91
Coinbase,btc_usd,10685.81,1601888936.412954,10685.8,0,10685.81,0,10600.91
Coinbase,eth_usd,351.67,1601888936.766373,351.67,0,351.77,0,347.29
Coinbase,btc_usd,10685.8,1601888936.96603,10685.8,0,10685.81,0,10600.91
Coinbase,eth_usd,351.8,1601888937.012857,351.8,0,351.81,0,347.29
Coinbase,eth_usd,351.77,1601888937.65704,351.77,0,351.8,0,347.29
Coinbase,btc_usd,10685.8,1601888937.735212,10685.8,0,10685.81,0,10600.91
Coinbase,eth_eur,299.7,1601888941.011815,299.53,0,299.7,0,296.87
Coinbase,btc_eur,9105.11,1601888942.018274,9105.11,0,9106.05,0,9063.31
Coinbase,eth_usd,351.71,1601888946.274927,351.68,0,351.71,0,347.29
Coinbase,btc_usd,10685.81,1601888947.976775,10685.8,0,10685.81,0,10600.91
Coinbase,btc_usd,10685.81,1601888955.409687,10685.8,0,10685.81,0,10600.91
Coinbase,btc_usd,10685.81,1601888955.474266,10685.8,0,10685.81,0,10600.91
Coinbase,btc_eur,9106.02,1601888959.548796,9104.9,0,9106.02,0,9063.31
Coinbase,btc_eur,9105.16,1601888961.34544,9105.16,0,9106.02,0,9063.31
Coinbase,btc_usd,10685.81,1601888962.296703,10685.8,0,10685.81,0,10600.91
Coinbase,btc_usd,10685.81,1601888962.848593,10685.8,0,10685.81,0,10600.91
Coinbase,btc_eur,9106.86,1601888963.536497,9105.17,0,9106.86,0,9063.31
Coinbase,btc_usd,10685.81,1601888963.787733,10685.8,0,10685.81,0,10600.91
Coinbase,btc_eur,9106.82,1601888964.070659,9105.17,0,9106.82,0,9063.31
Coinbase,eth_usd,351.71,1601888964.326333,351.7,0,351.71,0,347.29
Coinbase,eth_usd,351.7,1601888964.872595,351.7,0,351.71,0,347.29
Coinbase,eth_usd,351.7,1601888964.873527,351.66,0,351.71,0,347.29
Coinbase,eth_usd,351.67,1601888964.895397,351.61,0,351.7,0,347.29
Coinbase,eth_usd,351.61,1601888964.897315,351.61,0,351.7,0,347.29
Coinbase,eth_usd,351.61,1601888964.899434,351.58,0,351.7,0,347.29
Coinbase,eth_usd,351.62,1601888964.925972,351.58,0,351.68,0,347.29
Coinbase,eth_usd,351.58,1601888964.926438,351.57,0,351.68,0,347.29
Coinbase,eth_usd,351.63,1601888964.974781,351.57,0,351.64,0,347.29
Coinbase,btc_usd,10685.8,1601888965.242529,10685.8,0,10685.81,0,10600.91
Coinbase,eth_usd,351.56,1601888965.307371,351.56,0,351.57,0,347.29
Coinbase,eth_usd,351.56,1601888965.513809,351.4,0,351.57,0,347.29
Coinbase,eth_usd,351.57,1601888966.666539,351.55,0,351.57,0,347.29
Coinbase,eth_usd,351.57,1601888966.668422,351.55,0,351.64,0,347.29
Coinbase,eth_usd,351.64,1601888966.822608,351.64,0,351.67,0,347.29
Coinbase,eth_usd,351.57,1601888967.832865,351.57,0,351.63,0,347.29
Coinbase,btc_eur,9106.08,1601888969.19131,9105.16,0,9106.08,0,9063.31
Coinbase,btc_usd,10685.81,1601888969.710816,10685.8,0,10685.81,0,10600.91
Coinbase,eth_eur,299.58,1601888971.97107,299.47,0,299.59,0,296.87
Coinbase,eth_eur,299.59,1601888971.974258,299.47,0,299.59,0,296.87
Coinbase,btc_usd,10685.81,1601888972.438229,10685.8,0,10685.81,0,10600.91
Coinbase,btc_usd,10686.85,1601888978.354221,10686.85,0,10687.46,0,10600.91
Coinbase,eth_eur,299.42,1601888978.363234,299.42,0,299.55,0,296.87
Coinbase,btc_usd,10687.45,1601888979.364876,10686.8,0,10687.45,0,10600.91
Coinbase,eth_eur,299.54,1601888980.121235,299.42,0,299.54,0,296.87
Coinbase,btc_usd,10686.81,1601888980.921273,10686.81,0,10687.46,0,10600.91
Coinbase,btc_usd,10687.45,1601888982.050486,10686.81,0,10687.45,0,10600.91
Coinbase,btc_usd,10687.8,1601888982.703919,10687.14,0,10687.8,0,10600.91
Coinbase,btc_eur,9106.0,1601888986.727915,9106.0,0,9106.22,0,9063.31
Coinbase,btc_eur,9106.22,1601888989.535345,9106.0,0,9106.22,0,9063.31
Coinbase,btc_usd,10687.62,1601888990.642419,10687.15,0,10687.62,0,10600.91
Coinbase,btc_usd,10687.26,1601888991.238027,10687.15,0,10687.26,0,10600.91
Coinbase,btc_eur,9106.0,1601888992.874538,9106.0,0,9106.22,0,9063.31
Coinbase,btc_usd,10687.16,1601888993.68027,10686.8,0,10687.26,0,10600.91
Coinbase,btc_usd,10686.8,1601888993.680853,10686.8,0,10687.26,0,10600.91
Coinbase,btc_usd,10686.94,1601888994.771415,10686.8,0,10686.94,0,10600.91
Coinbase,btc_usd,10686.94,1601888995.504444,10686.8,0,10686.94,0,10600.91
Coinbase,btc_usd,10686.94,1601888996.78002,10686.8,0,10686.94,0,10600.91
Coinbase,btc_usd,10686.94,1601888999.318691,10686.81,0,10686.95,0,10600.91
Coinbase,btc_usd,10686.95,1601888999.319196,10686.81,0,10686.95,0,10600.91
Coinbase,btc_eur,9106.22,1601888999.854883,9106.0,0,9106.22,0,9063.31
Coinbase,btc_usd,10686.81,1601889000.665716,10686.81,0,10687.14,0,10600.91
Coinbase,btc_eur,9106.0,1601889001.225552,9106.0,0,9106.22,0,9063.31
Coinbase,btc_eur,9106.0,1601889001.724116,9106.0,0,9106.22,0,9063.31
Coinbase,btc_usd,10686.83,1601889002.007253,10686.82,0,10686.83,0,10600.91
Coinbase,btc_eur,9106.0,1601889002.219456,9106.0,0,9106.22,0,9063.31
Coinbase,eth_eur,299.45,1601889003.359358,299.45,0,299.54,0,296.87
Coinbase,eth_eur,299.46,1601889004.339585,299.43,0,299.54,0,296.87
Coinbase,eth_eur,299.43,1601889004.340178,299.43,0,299.54,0,296.87
Coinbase,eth_usd,351.64,1601889005.834695,351.63,0,351.64,0,347.29
Coinbase,btc_usd,10688.48,1601889009.092309,10688.1,0,10688.48,0,10600.91
Coinbase,btc_eur,9106.0,1601889010.378195,9106.0,0,9106.98,0,9063.31
Coinbase,btc_eur,9106.0,1601889011.36618,9106.0,0,9106.98,0,9063.31
Coinbase,btc_usd,10688.49,1601889012.731634,10688.48,0,10688.49,0,10600.91
Coinbase,btc_usd,10688.4,1601889013.406023,10688.39,0,10688.4,0,10600.91
Coinbase,btc_usd,10688.4,1601889016.236935,10688.39,0,10688.4,0,10600.91
Coinbase,eth_eur,299.58,1601889018.818865,299.46,0,299.58,0,296.87
Coinbase,btc_eur,9106.98,1601889019.788129,9106.0,0,9106.98,0,9063.31
Coinbase,btc_usd,10687.78,1601889020.290926,10687.78,0,10688.3,0,10600.91
Coinbase,eth_usd,351.64,1601889021.755974,351.63,0,351.64,0,347.29
Coinbase,btc_usd,10688.3,1601889023.028195,10688.29,0,10688.3,0,10600.91
Coinbase,eth_usd,351.64,1601889023.099384,351.63,0,351.64,0,347.29
Coinbase,btc_eur,9106.98,1601889023.831899,9106.0,0,9106.98,0,9063.31
Coinbase,btc_eur,9106.99,1601889023.927819,9106.0,0,9106.99,0,9063.31
Coinbase,eth_usd,351.64,1601889026.591541,351.63,0,351.64,0,347.29
Coinbase,eth_usd,351.64,1601889031.06859,351.63,0,351.64,0,347.29
Coinbase,btc_eur,9107.24,1601889033.046185,9106.0,0,9107.24,0,9063.31
Coinbase,eth_usd,351.63,1601889034.039731,351.63,0,351.64,0,347.29
Coinbase,btc_eur,9107.3,1601889034.366187,9106.0,0,9107.3,0,9063.31
Coinbase,btc_eur,9106.0,1601889036.785477,9106.0,0,9107.3,0,9063.31
Coinbase,btc_usd,10688.66,1601889037.37321,10688.66,0,10688.67,0,10600.91
Coinbase,btc_usd,10688.29,1601889037.714208,10688.29,0,10688.66,0,10600.91
Coinbase,eth_eur,299.47,1601889038.457258,299.45,0,299.47,0,296.87
Coinbase,btc_eur,9107.25,1601889038.743254,9106.0,0,9107.25,0,9063.31
Coinbase,btc_eur,9106.0,1601889040.800898,9106.0,0,9107.27,0,9063.31
Coinbase,btc_eur,9107.29,1601889042.256149,9106.01,0,9107.29,0,9063.31
Coinbase,btc_usd,10688.66,1601889043.352043,10688.65,0,10688.66,0,10600.91
Coinbase,eth_usd,351.63,1601889046.070712,351.63,0,351.64,0,347.29
Coinbase,eth_usd,351.63,1601889046.071132,351.51,0,351.64,0,347.29
Coinbase,btc_usd,10688.65,1601889046.356748,10688.65,0,10688.66,0,10600.91
Coinbase,btc_usd,10688.29,1601889046.421026,10688.29,0,10688.3,0,10600.91
Coinbase,btc_usd,10688.29,1601889046.451762,10688.29,0,10688.3,0,10600.91
Coinbase,btc_usd,10688.29,1601889046.475167,10688.29,0,10688.3,0,10600.91
Coinbase,btc_usd,10688.29,1601889046.521435,10688.29,0,10688.3,0,10600.91
Coinbase,btc_usd,10688.29,1601889046.552283,10688.29,0,10688.3,0,10600.91
Coinbase,btc_usd,10688.29,1601889046.598016,10688.29,0,10688.3,0,10600.91
Coinbase,btc_usd,10688.29,1601889047.344553,10688.29,0,10688.3,0,10600.91
Coinbase,eth_eur,299.47,1601889050.684592,299.46,0,299.47,0,296.87
Coinbase,eth_eur,299.47,1601889050.695204,299.46,0,299.47,0,296.87
Coinbase,eth_usd,351.7,1601889052.165505,351.65,0,351.7,0,347.29
Coinbase,eth_eur,299.47,1601889053.193793,299.46,0,299.47,0,296.87
Coinbase,btc_eur,9106.7,1601889053.434163,9106.7,0,9109.68,0,9063.31
Coinbase,eth_eur,299.47,1601889053.719627,299.46,0,299.47,0,296.87
Coinbase,btc_usd,10688.29,1601889055.154854,10688.29,0,10688.3,0,10600.91
Coinbase,btc_usd,10688.3,1601889061.589243,10688.29,0,10688.3,0,10600.91
Coinbase,btc_eur,9107.51,1601889062.062316,9107.3,0,9109.33,0,9063.31
Coinbase,btc_eur,9107.3,1601889062.065059,9106.34,0,9109.33,0,9063.31
Coinbase,btc_eur,9106.34,1601889062.088424,9106.18,0,9109.33,0,9063.31
Coinbase,btc_eur,9106.18,1601889062.08902,9106.18,0,9109.33,0,9063.31
Coinbase,btc_eur,9106.19,1601889066.153657,9106.19,0,9109.02,0,9063.31
Coinbase,eth_usd,351.65,1601889067.717493,351.65,0,351.7,0,347.29
Coinbase,eth_usd,351.66,1601889068.885382,351.62,0,351.66,0,347.29
Coinbase,eth_usd,351.6,1601889070.993831,351.59,0,351.6,0,347.29
Coinbase,btc_usd,10688.3,1601889071.585326,10688.29,0,10688.3,0,10600.91
Coinbase,btc_usd,10688.3,1601889073.523527,10688.29,0,10688.3,0,10600.91
Coinbase,eth_eur,299.46,1601889074.038662,299.46,0,299.47,0,296.87
Coinbase,btc_eur,9108.45,1601889075.777394,9106.19,0,9108.45,0,9063.31
Coinbase,eth_eur,299.46,1601889076.824515,299.32,0,299.47,0,296.87
Coinbase,btc_eur,9106.19,1601889077.50275,9106.19,0,9108.43,0,9063.31
Coinbase,eth_usd,351.48,1601889077.795841,351.43,0,351.48,0,347.29
Coinbase,eth_usd,351.49,1601889078.889758,351.46,0,351.49,0,347.29
Coinbase,eth_usd,351.48,1601889085.373356,351.48,0,351.49,0,347.29
Coinbase,btc_usd,10688.3,1601889085.773974,10688.29,0,10688.3,0,10600.91
Coinbase,btc_usd,10688.29,1601889087.824026,10688.29,0,10688.3,0,10600.91
Coinbase,btc_eur,9108.07,1601889089.888596,9106.23,0,9108.07,0,9063.31
Coinbase,btc_usd,10688.3,1601889090.750532,10688.29,0,10688.3,0,10600.91
Coinbase,btc_usd,10688.29,1601889094.034902,10688.29,0,10688.3,0,10600.91
Coinbase,btc_usd,10688.3,1601889094.703109,10688.29,0,10688.3,0,10600.91
Coinbase,btc_eur,9107.93,1601889095.157815,9106.33,0,9107.93,0,9063.31
Coinbase,eth_usd,351.51,1601889096.042528,351.45,0,351.51,0,347.29
Coinbase,btc_usd,10688.3,1601889096.089384,10688.29,0,10688.3,0,10600.91
Coinbase,btc_usd,10688.3,1601889096.091613,10688.29,0,10688.3,0,10600.91
Coinbase,btc_usd,10688.3,1601889096.09262,10688.29,0,10688.3,0,10600.91
Coinbase,btc_usd,10688.3,1601889096.094865,10688.29,0,10688.3,0,10600.91
Coinbase,btc_usd,10688.3,1601889096.097613,10688.29,0,10689.7,0,10600.91
Coinbase,btc_usd,10689.7,1601889096.098938,10688.29,0,10689.7,0,10600.91
Coinbase,btc_usd,10689.7,1601889096.100675,10688.29,0,10691.19,0,10600.91
Coinbase,btc_usd,10691.19,1601889096.101551,10688.29,0,10691.2,0,10600.91
Coinbase,btc_usd,10691.2,1601889096.101936,10688.29,0,10691.26,0,10600.91
Coinbase,btc_usd,10691.26,1601889096.125895,10688.29,0,10691.31,0,10600.91
Coinbase,btc_usd,10691.31,1601889096.126568,10688.29,0,10691.31,0,10600.91
Coinbase,btc_eur,9106.34,1601889096.127201,9106.33,0,9107.88,0,9063.31
Coinbase,btc_eur,9106.33,1601889096.127584,9106.33,0,9107.88,0,9063.31
Coinbase,btc_eur,9106.33,1601889096.128062,9106.32,0,9107.88,0,9063.31
Coinbase,btc_eur,9106.32,1601889096.174574,9106.01,0,9107.88,0,9063.31
Coinbase,btc_eur,9106.01,1601889096.175145,9106.01,0,9107.88,0,9063.31
Coinbase,btc_usd,10689.39,1601889096.944372,10689.39,0,10690.17,0,10600.91
Coinbase,btc_usd,10691.39,1601889097.393562,10690.22,0,10691.39,0,10600.91
Coinbase,btc_usd,10691.45,1601889099.439883,10691.45,0,10691.46,0,10600.91
Coinbase,eth_usd,351.54,1601889104.598435,351.51,0,351.54,0,347.29
Coinbase,btc_usd,10691.51,1601889105.837721,10691.1,0,10691.51,0,10600.91
Coinbase,btc_usd,10691.51,1601889107.061485,10691.5,0,10691.51,0,10600.91
Coinbase,btc_eur,9108.59,1601889107.740706,9106.9,0,9108.59,0,9063.31
Coinbase,btc_usd,10690.54,1601889108.456703,10690.23,0,10690.54,0,10600.91
Coinbase,btc_usd,10690.23,1601889110.110155,10690.23,0,10690.54,0,10600.91
Coinbase,btc_usd,10690.23,1601889110.682951,10690.23,0,10690.24,0,10600.91
Coinbase,btc_eur,9106.9,1601889111.872169,9106.9,0,9108.53,0,9063.31
Coinbase,btc_usd,10690.23,1601889112.024614,10690.23,0,10690.24,0,10600.91
Coinbase,eth_eur,299.38,1601889112.828939,299.37,0,299.46,0,296.87
Coinbase,eth_eur,299.37,1601889112.830139,299.37,0,299.46,0,296.87
Coinbase,btc_eur,9106.41,1601889115.312479,9106.41,0,9108.38,0,9063.31
Coinbase,btc_eur,9108.36,1601889115.520926,9106.41,0,9108.36,0,9063.31
Coinbase,eth_usd,351.5,1601889116.309429,351.44,0,351.5,0,347.29
Coinbase,btc_eur,9108.3,1601889118.320827,9106.02,0,9108.3,0,9063.31
Coinbase,btc_usd,10690.24,1601889120.208906,10690.23,0,10690.24,0,10600.91
Coinbase,btc_usd,10690.23,1601889120.721024,10690.23,0,10690.24,0,10600.91
Coinbase,btc_usd,10690.23,1601889120.725079,10690.23,0,10690.24,0,10600.91
Coinbase,eth_eur,299.36,1601889121.950995,299.36,0,299.47,0,296.87
Coinbase,btc_usd,10690.24,1601889127.123586,10690.23,0,10690.24,0,10600.91
Coinbase,eth_usd,351.52,1601889130.101096,351.49,0,351.52,0,347.29
Coinbase,btc_usd,10690.24,1601889131.242957,10690.23,0,10690.24,0,10600.91
Coinbase,btc_usd,10690.24,1601889131.842729,10690.23,0,10690.24,0,10600.91
Coinbase,btc_eur,9106.36,1601889133.100846,9106.0,0,9108.69,0,9063.31
Coinbase,btc_eur,9106.0,1601889133.101242,9106.0,0,9108.69,0,9063.31
Coinbase,btc_eur,9108.63,1601889134.444731,9106.09,0,9108.63,0,9063.31
Coinbase,btc_usd,10690.64,1601889134.664372,10690.3,0,10690.64,0,10600.91
Coinbase,btc_usd,10690.24,1601889136.728195,10690.23,0,10690.24,0,10600.91
Coinbase,btc_usd,10690.24,1601889138.991102,10690.23,0,10690.24,0,10600.91
Coinbase,btc_usd,10690.24,1601889139.484349,10690.23,0,10690.24,0,10600.91
Coinbase,btc_usd,10690.24,1601889140.137061,10690.23,0,10690.24,0,10600.91
Coinbase,eth_usd,351.52,1601889140.545961,351.47,0,351.52,0,347.29
Coinbase,btc_eur,9108.39,1601889142.301146,9106.17,0,9108.39,0,9063.31
Coinbase,eth_usd,351.51,1601889145.073684,351.49,0,351.51,0,347.29
Coinbase,btc_eur,9107.7,1601889145.080111,9106.17,0,9107.7,0,9063.31
Coinbase,btc_usd,10689.78,1601889145.744493,10689.78,0,10689.79,0,10600.91
Coinbase,btc_usd,10689.78,1601889145.767925,10689.78,0,10689.79,0,10600.91
Coinbase,btc_usd,10688.09,1601889145.864116,10688.09,0,10688.1,0,10600.91
Coinbase,btc_usd,10688.1,1601889148.046143,10688.09,0,10688.1,0,10600.91
Coinbase,btc_usd,10688.09,1601889150.516036,10688.09,0,10688.1,0,10600.91
Coinbase,btc_usd,10688.1,1601889150.795101,10688.09,0,10688.1,0,10600.91
Coinbase,btc_usd,10687.59,1601889152.079896,10687.58,0,10687.59,0,10600.91
Coinbase,btc_usd,10687.59,1601889152.717702,10687.58,0,10687.59,0,10600.91
Coinbase,eth_usd,351.43,1601889157.407093,351.38,0,351.43,0,347.29
Coinbase,eth_usd,351.43,1601889158.307362,351.39,0,351.43,0,347.29
Coinbase,btc_eur,9106.1,1601889161.137269,9106.0,0,9106.1,0,9063.31
Coinbase,btc_usd,10686.89,1601889161.643852,10686.89,0,10686.9,0,10600.91
Coinbase,btc_eur,9106.0,1601889161.921446,9106.0,0,9106.08,0,9063.31
Coinbase,btc_usd,10686.34,1601889163.342668,10686.04,0,10686.34,0,10600.91
Coinbase,btc_eur,9106.0,1601889163.798003,9106.0,0,9106.08,0,9063.31
Coinbase,eth_eur,299.21,1601889163.834361,299.2,0,299.37,0,296.87
Coinbase,eth_eur,299.2,1601889163.836007,299.19,0,299.37,0,296.87
Coinbase,eth_eur,299.19,1601889163.836393,299.19,0,299.37,0,296.87
Coinbase,btc_eur,9106.0,1601889164.845612,9102.14,0,9106.01,0,9063.31
Coinbase,btc_usd,10686.04,1601889165.82568,10686.03,0,10686.04,0,10600.91
Coinbase,eth_eur,299.17,1601889169.356931,299.17,0,299.28,0,296.87
Coinbase,btc_usd,10685.07,1601889171.09266,10685.06,0,10685.07,0,10600.91
Coinbase,btc_usd,10685.07,1601889171.094747,10685.06,0,10685.07,0,10600.91
Coinbase,btc_eur,9101.79,1601889172.709853,9098.8,0,9101.79,0,9063.31
Coinbase,btc_usd,10684.78,1601889173.109599,10684.78,0,10684.79,0,10600.91
Coinbase,eth_eur,299.07,1601889174.3811,299.07,0,299.23,0,296.87
Coinbase,btc_usd,10684.67,1601889175.747545,10683.97,0,10684.67,0,10600.91
Coinbase,btc_usd,10684.67,1601889176.257793,10684.09,0,10684.77,0,10600.91
Coinbase,btc_usd,10684.77,1601889176.260273,10684.09,0,10684.77,0,10600.91
Coinbase,eth_usd,351.3,1601889178.427075,351.3,0,351.31,0,347.29
Coinbase,eth_usd,351.3,1601889178.427548,351.3,0,351.31,0,347.29
Coinbase,eth_usd,351.3,1601889178.427907,351.3,0,351.31,0,347.29
Coinbase,eth_usd,351.3,1601889178.428263,351.3,0,351.31,0,347.29
Coinbase,btc_eur,9101.79,1601889180.736066,9099.92,0,9101.79,0,9063.31
Coinbase,btc_usd,10684.5,1601889181.168439,10684.5,0,10685.25,0,10600.91
Coinbase,btc_usd,10684.3,1601889182.859287,10683.94,0,10685.0,0,10600.91
Coinbase,btc_usd,10683.94,1601889182.861878,10683.94,0,10685.0,0,10600.91
Coinbase,btc_eur,9101.79,1601889186.694774,9099.92,0,9101.79,0,9063.31
Coinbase,btc_usd,10685.02,1601889186.857086,10684.48,0,10685.02,0,10600.91
Coinbase,btc_usd,10685.02,1601889187.064033,10685.01,0,10685.02,0,10600.91
Coinbase,btc_eur,9099.92,1601889187.073851,9099.92,0,9101.79,0,9063.31
Coinbase,btc_usd,10685.02,1601889189.467359,10685.01,0,10685.02,0,10600.91
Coinbase,eth_usd,351.15,1601889190.70717,351.15,0,351.16,0,347.29
Coinbase,btc_eur,9101.79,1601889191.264684,9099.92,0,9101.79,0,9063.31
Coinbase,btc_usd,10685.01,1601889193.166437,10684.1,0,10685.02,0,10600.91
Coinbase,btc_usd,10682.13,1601889193.819567,10682.13,0,10682.14,0,10600.91
Coinbase,btc_usd,10683.84,1601889197.096898,10683.04,0,10683.85,0,10600.91
Coinbase,btc_usd,10683.85,1601889197.128076,10683.04,0,10683.85,0,10600.91
Coinbase,btc_usd,10682.8,1601889204.572734,10682.8,0,10683.33,0,10600.91
Coinbase,btc_eur,9100.07,1601889205.716296,9100.07,0,9102.14,0,9063.31
Coinbase,btc_usd,10683.31,1601889207.697218,10683.3,0,10683.31,0,10600.91
Coinbase,btc_usd,10684.96,1601889211.2078,10683.93,0,10684.99,0,10600.91
Coinbase,btc_usd,10684.99,1601889211.210448,10683.93,0,10684.99,0,10600.91
Coinbase,btc_eur,9100.88,1601889215.627546,9100.88,0,9103.41,0,9063.31
Coinbase,btc_eur,9103.41,1601889218.764859,9101.0,0,9103.41,0,9063.31
Coinbase,eth_eur,299.22,1601889219.524648,299.1,0,299.23,0,296.87
Coinbase,eth_eur,299.23,1601889219.525212,299.1,0,299.23,0,296.87
Coinbase,eth_eur,299.23,1601889219.539051,299.1,0,299.23,0,296.87
Coinbase,btc_usd,10684.73,1601889219.950359,10684.22,0,10684.73,0,10600.91
Coinbase,btc_eur,9102.89,1601889224.442937,9098.03,0,9102.89,0,9063.31
Coinbase,eth_usd,351.16,1601889224.945805,351.15,0,351.16,0,347.29
Coinbase,btc_eur,9103.72,1601889228.491676,9101.51,0,9103.72,0,9063.31
Coinbase,btc_eur,9103.72,1601889229.585569,9101.56,0,9103.72,0,9063.31
Coinbase,eth_usd,351.15,1601889232.621386,351.15,0,351.16,0,347.29
Coinbase,eth_usd,351.16,1601889235.520959,351.15,0,351.16,0,347.29
Coinbase,btc_eur,9103.73,1601889235.966447,9103.41,0,9103.73,0,9063.31
Coinbase,btc_eur,9103.41,1601889236.043624,9102.58,0,9103.73,0,9063.31
Coinbase,btc_eur,9102.58,1601889236.046993,9102.39,0,9103.73,0,9063.31
Coinbase,btc_eur,9102.39,1601889236.047373,9102.39,0,9103.73,0,9063.31
Coinbase,btc_eur,9103.71,1601889238.195957,9102.3,0,9103.71,0,9063.31
Coinbase,btc_usd,10685.69,1601889239.038087,10684.9,0,10685.69,0,10600.91
Coinbase,btc_usd,10685.69,1601889239.039431,10684.9,0,10685.69,0,10600.91
Coinbase,eth_usd,351.16,1601889239.254183,351.15,0,351.16,0,347.29
Coinbase,eth_usd,351.16,1601889239.255089,351.15,0,351.3,0,347.29
Coinbase,eth_usd,351.29,1601889239.413368,351.29,0,351.3,0,347.29
Coinbase,btc_usd,10685.08,1601889239.562631,10685.08,0,10685.93,0,10600.91
Coinbase,eth_usd,351.29,1601889239.615742,351.29,0,351.3,0,347.29
Coinbase,eth_usd,351.29,1601889239.886322,351.29,0,351.3,0,347.29
Coinbase,eth_usd,351.29,1601889240.135576,351.29,0,351.3,0,347.29
Coinbase,btc_usd,10685.76,1601889240.21902,10685.08,0,10685.76,0,10600.91
Coinbase,eth_usd,351.29,1601889240.437425,351.29,0,351.3,0,347.29
Coinbase,eth_usd,351.29,1601889240.640788,351.29,0,351.3,0,347.29
Coinbase,btc_usd,10685.34,1601889243.071808,10685.34,0,10686.14,0,10600.91
Coinbase,btc_usd,10685.53,1601889245.526115,10685.35,0,10685.53,0,10600.91
Coinbase,btc_usd,10685.98,1601889250.221555,10685.97,0,10685.98,0,10600.91
Coinbase,btc_usd,10685.98,1601889250.752551,10685.97,0,10685.98,0,10600.91
Coinbase,eth_eur,299.39,1601889250.83844,299.29,0,299.39,0,296.87
Coinbase,eth_usd,351.3,1601889254.993315,351.29,0,351.3,0,347.29
Coinbase,btc_eur,9104.3,1601889255.068747,9102.72,0,9104.3,0,9063.31
Coinbase,btc_eur,9102.72,1601889257.152647,9102.72,0,9104.3,0,9063.31
Coinbase,eth_eur,299.32,1601889258.169108,299.32,0,299.43,0,296.87
Coinbase,btc_eur,9104.3,1601889258.546468,9102.74,0,9104.3,0,9063.31
Coinbase,btc_eur,9104.3,1601889260.158682,9102.77,0,9104.3,0,9063.31
Coinbase,btc_eur,9104.3,1601889260.15924,9102.77,0,9104.43,0,9063.31
Coinbase,btc_eur,9104.43,1601889260.1596,9102.77,0,9104.44,0,9063.31
Coinbase,btc_eur,9104.44,1601889260.161182,9102.77,0,9104.44,0,9063.31
Coinbase,eth_usd,351.3,1601889260.458185,351.29,0,351.3,0,347.29
Coinbase,btc_eur,9104.43,1601889261.270216,9102.77,0,9104.43,0,9063.31
Coinbase,btc_eur,9104.38,1601889263.223895,9102.77,0,9104.38,0,9063.31
Coinbase,btc_eur,9104.37,1601889269.44732,9102.28,0,9104.37,0,9063.31
Coinbase,btc_usd,10685.94,1601889272.682818,10685.93,0,10685.94,0,10600.91
Coinbase,btc_usd,10685.94,1601889272.936628,10685.93,0,10685.94,0,10600.91
Coinbase,btc_usd,10685.94,1601889273.223575,10685.93,0,10685.94,0,10600.91
Coinbase,btc_usd,10685.94,1601889274.192906,10685.93,0,10685.94,0,10600.91
Coinbase,btc_eur,9104.37,1601889277.393387,9102.11,0,9104.37,0,9063.31
Coinbase,btc_eur,9104.37,1601889278.161772,9102.22,0,9104.37,0,9063.31
Coinbase,eth_eur,299.33,1601889285.832741,299.33,0,299.4,0,296.87
Coinbase,btc_usd,10685.94,1601889289.14582,10685.93,0,10685.94,0,10600.91
Coinbase,btc_usd,10685.93,1601889290.813362,10685.93,0,10685.94,0,10600.91
Coinbase,btc_eur,9105.61,1601889291.433528,9103.48,0,9105.61,0,9063.31
Coinbase,btc_usd,10685.94,1601889291.647138,10685.93,0,10685.94,0,10600.91
Coinbase,btc_usd,10685.94,1601889292.509458,10685.93,0,10685.94,0,10600.91
Coinbase,btc_eur,9103.59,1601889292.994872,9103.59,0,9105.61,0,9063.31
Coinbase,btc_usd,10685.93,1601889295.993728,10685.93,0,10685.94,0,10600.91
Coinbase,eth_eur,299.35,1601889296.423167,299.35,0,299.4,0,296.87
Coinbase,btc_eur,9103.89,1601889300.886642,9103.89,0,9105.61,0,9063.31
Coinbase,btc_eur,9103.89,1601889301.359204,9103.89,0,9105.61,0,9063.31
Coinbase,eth_usd,351.29,1601889301.365666,351.29,0,351.3,0,347.29
Coinbase,eth_eur,299.35,1601889301.371207,299.35,0,299.43,0,296.87
Coinbase,eth_usd,351.3,1601889302.32001,351.29,0,351.3,0,347.29
Coinbase,eth_eur,299.34,1601889302.892964,299.34,0,299.43,0,296.87
Coinbase,eth_eur,299.43,1601889304.349774,299.34,0,299.43,0,296.87
Coinbase,btc_eur,9103.89,1601889305.62256,9103.89,0,9105.37,0,9063.31
Coinbase,eth_usd,351.29,1601889307.344957,351.29,0,351.3,0,347.29
Coinbase,eth_usd,351.29,1601889307.345505,351.29,0,351.3,0,347.29
Coinbase,btc_usd,10685.93,1601889309.420389,10685.93,0,10685.94,0,10600.91
Coinbase,btc_usd,10685.94,1601889310.014355,10685.93,0,10685.94,0,10600.91
Coinbase,btc_usd,10685.94,1601889310.187066,10685.93,0,10685.94,0,10600.91
Coinbase,btc_eur,9105.37,1601889314.413708,9103.89,0,9105.37,0,9063.31
Coinbase,btc_usd,10685.94,1601889314.61159,10685.93,0,10685.94,0,10600.91
Coinbase,btc_eur,9105.37,1601889315.101506,9103.89,0,9105.37,0,9063.31
Coinbase,btc_usd,10685.94,1601889316.275871,10685.93,0,10685.94,0,10600.91
Coinbase,btc_eur,9105.37,1601889316.668627,9103.89,0,9105.37,0,9063.31
Coinbase,btc_usd,10685.94,1601889319.124632,10685.93,0,10685.94,0,10600.91
Coinbase,eth_eur,299.32,1601889319.38634,299.32,0,299.43,0,296.87
Coinbase,btc_usd,10685.93,1601889320.92054,10685.93,0,10685.94,0,10600.91
Coinbase,btc_eur,9105.23,1601889324.473756,9103.4,0,9105.23,0,9063.31
Coinbase,btc_eur,9105.23,1601889324.474672,9103.4,0,9105.36,0,9063.31
Coinbase,btc_eur,9105.36,1601889324.475054,9103.4,0,9105.36,0,9063.31
Coinbase,eth_eur,299.43,1601889324.97337,299.31,0,299.43,0,296.87
Coinbase,btc_usd,10685.94,1601889327.061372,10685.93,0,10685.94,0,10600.91
Coinbase,btc_usd,10685.94,1601889328.18626,10685.93,0,10685.94,0,10600.91
Coinbase,btc_eur,9102.03,1601889333.693938,9102.03,0,9105.01,0,9063.31
Coinbase,btc_eur,9105.0,1601889334.108908,9102.09,0,9105.0,0,9063.31
Coinbase,btc_usd,10685.94,1601889337.312603,10685.93,0,10685.94,0,10600.91
Coinbase,btc_eur,9104.71,1601889338.158503,9101.26,0,9104.71,0,9063.31
Coinbase,btc_eur,9104.69,1601889338.248275,9101.27,0,9104.69,0,9063.31
Coinbase,eth_usd,351.3,1601889338.278859,351.29,0,351.3,0,347.29
Coinbase,btc_eur,9104.63,1601889340.081065,9101.53,0,9104.63,0,9063.31
Coinbase,btc_eur,9101.62,1601889340.846718,9101.62,0,9104.63,0,9063.31
Coinbase,btc_usd,10685.93,1601889342.255774,10685.93,0,10685.94,0,10600.91
Coinbase,btc_usd,10685.94,1601889343.938568,10685.93,0,10685.94,0,10600.91
Coinbase,eth_usd,351.29,1601889346.030044,351.29,0,351.3,0,347.29
Coinbase,btc_usd,10685.94,1601889346.425772,10685.93,0,10685.94,0,10600.91
Coinbase,eth_eur,299.36,1601889350.347115,299.21,0,299.36,0,296.87
Coinbase,btc_eur,9104.0,1601889350.968845,9104.0,0,9105.01,0,9063.31
Coinbase,eth_eur,299.21,1601889351.287272,299.21,0,299.36,0,296.87
Coinbase,btc_eur,9104.0,1601889352.046505,9104.0,0,9105.01,0,9063.31
Coinbase,btc_eur,9105.01,1601889354.978436,9104.0,0,9105.01,0,9063.31
Coinbase,btc_eur,9105.02,1601889358.893957,9104.0,0,9105.02,0,9063.31
Coinbase,btc_usd,10685.94,1601889359.15885,10685.93,0,10685.94,0,10600.91
Coinbase,eth_usd,351.3,1601889359.938942,351.29,0,351.3,0,347.29
Coinbase,eth_usd,351.3,1601889359.947372,351.29,0,351.3,0,347.29
Coinbase,btc_eur,9104.21,1601889364.465637,9104.0,0,9104.21,0,9063.31
Coinbase,eth_usd,351.3,1601889366.16874,351.29,0,351.3,0,347.29
Coinbase,btc_usd,10685.93,1601889367.635231,10685.93,0,10685.94,0,10600.91
Coinbase,eth_usd,351.3,1601889369.687856,351.29,0,351.3,0,347.29
Coinbase,eth_usd,351.3,1601889369.832502,351.29,0,351.3,0,347.29
Coinbase,eth_usd,351.3,1601889369.948551,351.29,0,351.3,0,347.29
Coinbase,btc_usd,10685.93,1601889370.945226,10685.93,0,10685.94,0,10600.91
Coinbase,btc_usd,10685.93,1601889370.946825,10684.52,0,10685.94,0,10600.91
Coinbase,btc_usd,10684.52,1601889370.966619,10684.3,0,10685.94,0,10600.91
Coinbase,btc_usd,10684.3,1601889370.967079,10684.23,0,10685.94,0,10600.91
Coinbase,btc_usd,10684.23,1601889370.967456,10683.54,0,10685.94,0,10600.91
Coinbase,btc_usd,10683.54,1601889370.967833,10683.54,0,10685.94,0,10600.91
Coinbase,btc_usd,10684.82,1601889372.332183,10684.23,0,10684.82,0,10600.91
Coinbase,eth_eur,299.21,1601889372.831286,299.21,0,299.32,0,296.87
Coinbase,btc_usd,10684.82,1601889373.583074,10684.23,0,10684.82,0,10600.91
Coinbase,eth_usd,351.3,1601889373.585098,351.29,0,351.3,0,347.29
Coinbase,btc_usd,10684.24,1601889374.586889,10684.23,0,10684.24,0,10600.91
Coinbase,btc_usd,10684.24,1601889374.589003,10684.23,0,10684.24,0,10600.91
Coinbase,btc_usd,10684.26,1601889374.875507,10684.26,0,10684.27,0,10600.91
Coinbase,btc_usd,10684.24,1601889375.077055,10684.23,0,10684.24,0,10600.91
Coinbase,btc_eur,9104.21,1601889377.207076,9104.0,0,9104.21,0,9063.31
Coinbase,btc_usd,10684.81,1601889377.593023,10684.81,0,10684.82,0,10600.91
Coinbase,eth_usd,351.29,1601889378.159325,351.29,0,351.3,0,347.29
Coinbase,btc_eur,9104.21,1601889378.251493,9104.0,0,9104.21,0,9063.31
Coinbase,btc_eur,9104.0,1601889378.926852,9104.0,0,9104.21,0,9063.31
Coinbase,eth_usd,351.3,1601889379.886268,351.29,0,351.3,0,347.29
Coinbase,btc_eur,9104.0,1601889381.750526,9104.0,0,9104.2,0,9063.31
Coinbase,btc_usd,10685.97,1601889383.759231,10685.96,0,10686.53,0,10600.91
Coinbase,btc_usd,10686.53,1601889383.759831,10685.96,0,10686.53,0,10600.91
Coinbase,btc_usd,10686.53,1601889383.79761,10686.52,0,10686.53,0,10600.91
Coinbase,btc_eur,9104.0,1601889383.915158,9104.0,0,9104.2,0,9063.31
Coinbase,btc_usd,10686.53,1601889383.993048,10686.52,0,10686.53,0,10600.91
Coinbase,btc_usd,10690.6,1601889390.470945,10689.72,0,10690.6,0,10600.91
Coinbase,btc_usd,10690.59,1601889390.551435,10690.59,0,10690.6,0,10600.91
Coinbase,btc_eur,9104.2,1601889390.911972,9104.09,0,9104.2,0,9063.31
Coinbase,btc_eur,9104.2,1601889391.062189,9104.09,0,9105.43,0,9063.31
Coinbase,eth_usd,351.3,1601889391.188278,351.29,0,351.3,0,347.29
Coinbase,eth_usd,351.3,1601889391.188847,351.29,0,351.3,0,347.29
Coinbase,btc_eur,9105.38,1601889391.532688,9105.38,0,9105.43,0,9063.31
Coinbase,eth_usd,351.3,1601889392.519959,351.29,0,351.3,0,347.29
Coinbase,btc_usd,10690.45,1601889396.236449,10690.45,0,10690.46,0,10600.91
Coinbase,btc_eur,9107.6,1601889399.337354,9105.58,0,9107.6,0,9063.31
Coinbase,btc_eur,9107.6,1601889399.738985,9105.64,0,9107.6,0,9063.31
Coinbase,btc_eur,9108.81,1601889402.064039,9106.4,0,9108.81,0,9063.31
Coinbase,btc_usd,10690.46,1601889403.30884,10690.45,0,10690.46,0,10600.91
Coinbase,btc_usd,10690.45,1601889405.036269,10690.45,0,10690.46,0,10600.91
Coinbase,btc_eur,9109.26,1601889406.206498,9106.73,0,9109.26,0,9063.31
Coinbase,eth_eur,299.34,1601889409.296792,299.34,0,299.47,0,296.87
Coinbase,btc_eur,9109.41,1601889409.337808,9106.95,0,9109.41,0,9063.31
Coinbase,eth_eur,299.34,1601889411.320807,299.34,0,299.47,0,296.87
Coinbase,btc_usd,10690.45,1601889412.818057,10690.45,0,10690.46,0,10600.91
Coinbase,eth_usd,351.3,1601889414.846409,351.29,0,351.3,0,347.29
Coinbase,btc_usd,10690.46,1601889415.777427,10690.45,0,10690.46,0,10600.91
Coinbase,btc_eur,9106.97,1601889416.05986,9106.97,0,9109.4,0,9063.31
Coinbase,eth_eur,299.47,1601889416.626219,299.34,0,299.47,0,296.87
Coinbase,btc_eur,9109.4,1601889417.25628,9106.97,0,9109.4,0,9063.31
Coinbase,btc_usd,10690.13,1601889420.79992,10690.12,0,10690.13,0,10600.91
Coinbase,eth_usd,351.29,1601889420.921409,351.29,0,351.3,0,347.29
Coinbase,btc_eur,9106.29,1601889421.082787,9106.29,0,9108.0,0,9063.31
Coinbase,eth_eur,299.36,1601889421.513575,299.36,0,299.45,0,296.87
Coinbase,btc_eur,9108.0,1601889422.140443,9106.29,0,9108.0,0,9063.31
Coinbase,btc_eur,9106.29,1601889425.387322,9106.29,0,9108.0,0,9063.31
Coinbase,btc_usd,10690.12,1601889425.653243,10688.35,0,10690.13,0,10600.91
Coinbase,btc_eur,9106.28,1601889425.696313,9105.49,0,9106.52,0,9063.31
Coinbase,btc_usd,10688.36,1601889425.736251,10688.36,0,10689.54,0,10600.91
Coinbase,btc_usd,10688.36,1601889425.874047,10687.56,0,10688.37,0,10600.91
Coinbase,btc_usd,10688.09,1601889426.385233,10687.56,0,10688.1,0,10600.91
Coinbase,btc_usd,10687.56,1601889426.385774,10687.53,0,10688.1,0,10600.91
Coinbase,btc_usd,10687.53,1601889426.400805,10686.5,0,10688.1,0,10600.91
Coinbase,eth_usd,351.3,1601889427.483806,351.29,0,351.3,0,347.29
Coinbase,eth_eur,299.27,1601889433.469533,299.27,0,299.39,0,296.87
Coinbase,btc_eur,9104.22,1601889435.570307,9104.22,0,9106.5,0,9063.31
Coinbase,btc_usd,10687.28,1601889437.448069,10687.27,0,10687.28,0,10600.91
Coinbase,eth_usd,351.3,1601889438.781458,351.29,0,351.3,0,347.29
Coinbase,eth_eur,299.39,1601889443.32408,299.31,0,299.39,0,296.87
Coinbase,btc_usd,10687.0,1601889443.637406,10687.0,0,10687.01,0,10600.91
Coinbase,eth_usd,351.29,1601889443.786058,351.29,0,351.3,0,347.29
Coinbase,btc_usd,10687.0,1601889443.931888,10687.0,0,10687.01,0,10600.91
Coinbase,btc_usd,10687.0,1601889444.458848,10686.02,0,10687.01,0,10600.91
Coinbase,btc_usd,10686.02,1601889444.459408,10686.02,0,10687.01,0,10600.91
Coinbase,btc_eur,9106.01,1601889445.481245,9104.44,0,9106.01,0,9063.31
Coinbase,btc_eur,9105.3,1601889453.083393,9104.0,0,9106.51,0,9063.31
Coinbase,btc_eur,9106.51,1601889453.085113,9104.0,0,9106.51,0,9063.31
Coinbase,btc_usd,10685.85,1601889454.032226,10685.84,0,10685.85,0,10600.91
Coinbase,btc_usd,10685.85,1601889454.060651,10685.84,0,10685.85,0,10600.91
Coinbase,btc_usd,10685.84,1601889454.565506,10685.84,0,10685.85,0,10600.91
Coinbase,btc_usd,10685.84,1601889454.566069,10685.84,0,10685.85,0,10600.91
Coinbase,btc_usd,10685.84,1601889454.584924,10685.84,0,10685.85,0,10600.91
Coinbase,eth_eur,299.29,1601889455.95911,299.29,0,299.39,0,296.87
Coinbase,eth_eur,299.29,1601889456.40486,299.29,0,299.39,0,296.87
Coinbase,btc_eur,9105.73,1601889459.580188,9104.01,0,9105.74,0,9063.31
Coinbase,btc_eur,9105.74,1601889459.580588,9104.01,0,9105.74,0,9063.31
Coinbase,eth_usd,351.3,1601889462.763289,351.29,0,351.3,0,347.29
Coinbase,btc_eur,9104.33,1601889463.464807,9104.33,0,9106.34,0,9063.31
Coinbase,eth_usd,351.3,1601889465.07496,351.29,0,351.3,0,347.29
Coinbase,btc_eur,9104.42,1601889466.15552,9104.41,0,9106.34,0,9063.31
Coinbase,btc_eur,9104.41,1601889466.155984,9104.41,0,9106.34,0,9063.31
Coinbase,btc_usd,10686.83,1601889467.126179,10686.82,0,10686.83,0,10600.91
Coinbase,eth_eur,299.36,1601889468.03617,299.36,0,299.39,0,296.87
Coinbase,btc_usd,10686.82,1601889468.050805,10686.82,0,10686.83,0,10600.91
Coinbase,eth_usd,351.3,1601889468.119979,351.29,0,351.3,0,347.29
Coinbase,btc_usd,10686.82,1601889468.927715,10686.82,0,10686.83,0,10600.91
Coinbase,btc_eur,9106.32,1601889469.615732,9104.43,0,9106.32,0,9063.31
Coinbase,btc_eur,9106.32,1601889469.61662,9104.43,0,9106.32,0,9063.31
Coinbase,btc_eur,9106.32,1601889469.651471,9104.43,0,9106.32,0,9063.31
Coinbase,btc_usd,10686.35,1601889469.925267,10686.05,0,10686.35,0,10600.91
Coinbase,btc_eur,9106.31,1601889470.474394,9104.45,0,9106.31,0,9063.31
Coinbase,btc_usd,10686.05,1601889472.142969,10686.05,0,10686.06,0,10600.91
Coinbase,btc_usd,10686.05,1601889474.560611,10686.05,0,10686.06,0,10600.91
Coinbase,btc_eur,9106.31,1601889476.486156,9104.45,0,9106.31,0,9063.31
Coinbase,btc_usd,10686.04,1601889478.860307,10686.04,0,10686.05,0,10600.91
Coinbase,btc_eur,9104.45,1601889479.464338,9104.45,0,9105.51,0,9063.31
Coinbase,btc_eur,9104.45,1601889479.466841,9104.45,0,9105.51,0,9063.31
Coinbase,btc_eur,9105.49,1601889479.711231,9104.04,0,9105.49,0,9063.31
Coinbase,eth_usd,351.3,1601889480.660182,351.29,0,351.3,0,347.29
Coinbase,eth_usd,351.3,1601889481.221328,351.29,0,351.3,0,347.29
Coinbase,btc_usd,10686.05,1601889482.777067,10686.04,0,10686.05,0,10600.91
Coinbase,eth_eur,299.33,1601889483.972273,299.33,0,299.39,0,296.87
Coinbase,btc_eur,9106.32,1601889485.747766,9104.57,0,9106.32,0,9063.31
Coinbase,eth_eur,299.33,1601889486.739069,299.33,0,299.39,0,296.87
Coinbase,btc_usd,10686.04,1601889492.38383,10686.04,0,10686.05,0,10600.91
Coinbase,btc_eur,9104.01,1601889492.652812,9104.01,0,9105.08,0,9063.31
Coinbase,btc_usd,10685.38,1601889492.882054,10685.37,0,10685.38,0,10600.91
Coinbase,eth_eur,299.34,1601889494.76142,299.34,0,299.39,0,296.87
Coinbase,btc_eur,9104.01,1601889495.878985,9104.01,0,9105.92,0,9063.31
Coinbase,btc_eur,9105.92,1601889496.308198,9104.01,0,9105.92,0,9063.31
Coinbase,btc_eur,9105.92,1601889496.30864,9104.01,0,9105.93,0,9063.31
Coinbase,btc_eur,9105.93,1601889496.311704,9104.01,0,9106.17,0,9063.31
Coinbase,btc_eur,9106.17,1601889496.312078,9104.01,0,9106.17,0,9063.31
Coinbase,btc_usd,10685.37,1601889500.290196,10685.37,0,10685.38,0,10600.91
Coinbase,btc_usd,10685.37,1601889501.089876,10685.25,0,10685.38,0,10600.91
Coinbase,btc_usd,10685.25,1601889501.090702,10685.23,0,10685.38,0,10600.91
Coinbase,btc_usd,10685.23,1601889501.10474,10685.23,0,10685.38,0,10600.91
Coinbase,eth_usd,351.29,1601889501.107565,351.29,0,351.3,0,347.29
Coinbase,eth_usd,351.29,1601889501.107933,351.27,0,351.3,0,347.29
Coinbase,btc_usd,10684.22,1601889501.132523,10684.12,0,10684.32,0,10600.91
Coinbase,btc_eur,9104.0,1601889501.258629,9104.0,0,9104.47,0,9063.31
Coinbase,btc_usd,10682.74,1601889502.015892,10682.74,0,10682.75,0,10600.91
Coinbase,btc_eur,9104.0,1601889502.103752,9100.84,0,9104.46,0,9063.31
Coinbase,eth_eur,299.08,1601889503.081253,299.08,0,299.22,0,296.87
Coinbase,btc_eur,9101.56,1601889505.002234,9100.84,0,9101.57,0,9063.31
Coinbase,btc_eur,9101.57,1601889505.005955,9100.84,0,9101.63,0,9063.31
Coinbase,btc_eur,9101.63,1601889505.00633,9100.84,0,9101.89,0,9063.31
Coinbase,btc_eur,9101.89,1601889505.008428,9100.84,0,9101.89,0,9063.31
Coinbase,eth_eur,299.04,1601889506.264916,299.04,0,299.19,0,296.87
Coinbase,btc_eur,9101.02,1601889506.73131,9100.84,0,9101.63,0,9063.31
Coinbase,btc_eur,9101.63,1601889506.73174,9100.84,0,9101.63,0,9063.31
Coinbase,eth_eur,299.04,1601889506.850087,299.04,0,299.18,0,296.87
Coinbase,btc_usd,10680.64,1601889511.68115,10679.92,0,10680.64,0,10600.91
Coinbase,btc_eur,9100.84,1601889512.224542,9100.84,0,9101.5,0,9063.31
Coinbase,btc_eur,9100.84,1601889512.81816,9100.84,0,9101.5,0,9063.31
Coinbase,eth_usd,351.0,1601889516.523671,350.99,0,351.0,0,347.29
Coinbase,btc_usd,10679.96,1601889517.258931,10679.78,0,10679.96,0,10600.91
Coinbase,eth_eur,299.11,1601889517.470956,299.0,0,299.11,0,296.87
Coinbase,eth_usd,351.0,1601889518.344027,350.99,0,351.0,0,347.29
Coinbase,eth_usd,350.99,1601889520.580435,350.99,0,351.0,0,347.29
Coinbase,eth_usd,350.99,1601889520.580825,350.99,0,351.0,0,347.29
Coinbase,eth_usd,350.99,1601889520.581191,350.99,0,351.0,0,347.29
Coinbase,eth_usd,350.96,1601889523.617243,350.95,0,350.99,0,347.29
Coinbase,eth_usd,350.95,1601889523.621205,350.94,0,350.99,0,347.29
Coinbase,eth_usd,350.94,1601889523.621579,350.93,0,350.99,0,347.29
Coinbase,eth_usd,350.93,1601889523.621942,350.93,0,350.99,0,347.29
Coinbase,btc_eur,9101.08,1601889524.164055,9100.84,0,9101.08,0,9063.31
Coinbase,btc_usd,10679.57,1601889524.438751,10679.57,0,10679.58,0,10600.91
Coinbase,btc_eur,9101.08,1601889528.434414,9100.84,0,9101.08,0,9063.31
Coinbase,btc_usd,10679.2,1601889528.719927,10679.19,0,10679.2,0,10600.91
Coinbase,btc_usd,10679.2,1601889531.101423,10679.19,0,10679.2,0,10600.91
Coinbase,btc_usd,10679.2,1601889531.102785,10679.19,0,10679.2,0,10600.91
Coinbase,btc_usd,10679.2,1601889531.103156,10679.19,0,10679.2,0,10600.91
Coinbase,btc_usd,10679.2,1601889531.103528,10679.19,0,10679.2,0,10600.91
Coinbase,btc_usd,10679.2,1601889531.103893,10679.19,0,10679.54,0,10600.91
Coinbase,btc_usd,10679.54,1601889531.10426,10679.19,0,10679.54,0,10600.91
Coinbase,btc_usd,10679.54,1601889531.104625,10679.19,0,10679.54,0,10600.91
Coinbase,btc_usd,10679.53,1601889531.10499,10679.21,0,10679.53,0,10600.91
Coinbase,btc_usd,10679.53,1601889531.105355,10679.24,0,10679.53,0,10600.91
Coinbase,btc_usd,10679.52,1601889531.105714,10679.24,0,10679.52,0,10600.91
Coinbase,btc_usd,10679.52,1601889531.106074,10679.27,0,10679.52,0,10600.91
Coinbase,btc_usd,10679.51,1601889531.106436,10679.27,0,10679.51,0,10600.91
Coinbase,btc_usd,10679.51,1601889531.106796,10679.28,0,10679.51,0,10600.91
Coinbase,btc_usd,10679.55,1601889531.107155,10679.3,0,10679.55,0,10600.91
Coinbase,btc_usd,10679.96,1601889531.107516,10679.96,0,10679.97,0,10600.91
Coinbase,eth_usd,350.98,1601889531.107876,350.97,0,350.98,0,347.29
Coinbase,btc_eur,9101.29,1601889535.149187,9100.84,0,9101.29,0,9063.31
Coinbase,eth_usd,350.98,1601889538.673476,350.97,0,350.98,0,347.29
Coinbase,eth_usd,350.97,1601889539.460011,350.97,0,350.98,0,347.29
Coinbase,eth_usd,350.98,1601889540.442685,350.97,0,350.98,0,347.29
Coinbase,eth_usd,350.98,1601889544.830097,350.97,0,350.98,0,347.29
Coinbase,eth_usd,350.98,1601889544.852487,350.97,0,350.98,0,347.29
Coinbase,eth_usd,350.98,1601889544.853166,350.97,0,350.98,0,347.29
Coinbase,eth_usd,350.98,1601889544.853705,350.97,0,351.08,0,347.29
Coinbase,eth_usd,351.09,1601889545.319987,351.09,0,351.11,0,347.29
Coinbase,eth_usd,351.09,1601889545.612851,351.09,0,351.1,0,347.29
Coinbase,btc_usd,10680.56,1601889552.155221,10680.55,0,10680.56,0,10600.91
Coinbase,eth_usd,351.1,1601889552.825266,351.09,0,351.1,0,347.29
Coinbase,eth_usd,351.1,1601889552.8323,351.09,0,351.1,0,347.29
Coinbase,eth_usd,351.1,1601889552.833722,351.09,0,351.1,0,347.29
Coinbase,eth_usd,351.1,1601889552.834279,351.09,0,351.1,0,347.29
Coinbase,eth_usd,351.1,1601889552.834651,351.09,0,351.1,0,347.29
Coinbase,eth_usd,351.1,1601889554.778277,351.09,0,351.12,0,347.29
Coinbase,eth_usd,351.12,1601889554.778795,351.09,0,351.13,0,347.29
Coinbase,eth_usd,351.13,1601889554.779151,351.09,0,351.13,0,347.29
Coinbase,eth_eur,299.11,1601889557.40624,299.11,0,299.15,0,296.87
Coinbase,btc_usd,10679.99,1601889557.964743,10679.98,0,10679.99,0,10600.91
Coinbase,btc_usd,10680.5,1601889562.955864,10680.13,0,10680.5,0,10600.91
Coinbase,btc_usd,10680.84,1601889565.457466,10680.15,0,10680.84,0,10600.91
Coinbase,btc_usd,10680.76,1601889566.037788,10680.76,0,10681.7,0,10600.91
Coinbase,btc_eur,9100.84,1601889566.483464,9100.84,0,9101.88,0,9063.31
Coinbase,btc_usd,10681.63,1601889566.72337,10680.76,0,10681.63,0,10600.91
Coinbase,btc_eur,9100.84,1601889566.952284,9100.84,0,9102.16,0,9063.31
Coinbase,btc_eur,9102.16,1601889572.193,9100.84,0,9102.16,0,9063.31
Coinbase,btc_eur,9102.16,1601889572.488893,9100.84,0,9102.16,0,9063.31
Coinbase,btc_eur,9102.03,1601889574.754178,9100.84,0,9102.04,0,9063.31
Coinbase,btc_eur,9102.04,1601889574.754649,9100.84,0,9102.04,0,9063.31
Coinbase,btc_usd,10681.17,1601889576.308641,10681.16,0,10681.17,0,10600.91
Coinbase,eth_eur,299.31,1601889576.391908,299.19,0,299.31,0,296.87
Coinbase,eth_eur,299.31,1601889576.392496,299.19,0,299.31,0,296.87
Coinbase,btc_eur,9100.84,1601889577.030038,9100.84,0,9102.02,0,9063.31
Coinbase,eth_eur,299.19,1601889577.370651,299.19,0,299.32,0,296.87
Coinbase,eth_usd,351.13,1601889578.368961,351.12,0,351.13,0,347.29
Coinbase,eth_usd,351.13,1601889578.418984,351.12,0,351.13,0,347.29
Coinbase,eth_usd,351.13,1601889578.569814,351.12,0,351.13,0,347.29
Coinbase,eth_usd,351.13,1601889578.594341,351.12,0,351.24,0,347.29
Coinbase,eth_usd,351.17,1601889578.634051,351.17,0,351.24,0,347.29
Coinbase,eth_usd,351.29,1601889579.500786,351.29,0,351.3,0,347.29
Coinbase,btc_eur,9103.28,1601889579.509837,9101.26,0,9103.56,0,9063.31
Coinbase,btc_eur,9103.56,1601889579.522747,9101.26,0,9103.56,0,9063.31
Coinbase,eth_usd,351.29,1601889579.736785,351.29,0,351.3,0,347.29
Coinbase,btc_usd,10683.04,1601889580.563237,10683.03,0,10683.04,0,10600.91
Coinbase,btc_usd,10683.04,1601889580.563823,10683.03,0,10683.04,0,10600.91
Coinbase,btc_eur,9101.34,1601889582.25021,9101.34,0,9103.28,0,9063.31
Coinbase,btc_eur,9101.34,1601889583.232278,9101.34,0,9103.79,0,9063.31
Coinbase,eth_eur,299.37,1601889583.345471,299.25,0,299.37,0,296.87
Coinbase,btc_usd,10683.04,1601889589.888388,10683.03,0,10683.04,0,10600.91
Coinbase,eth_usd,351.29,1601889590.45532,351.29,0,351.3,0,347.29
Coinbase,eth_usd,351.29,1601889590.455842,351.29,0,351.3,0,347.29
Coinbase,eth_usd,351.29,1601889590.487058,351.29,0,351.3,0,347.29
Coinbase,eth_usd,351.29,1601889590.48751,351.29,0,351.3,0,347.29
Coinbase,eth_usd,351.29,1601889590.487874,351.19,0,351.3,0,347.29
Coinbase,btc_usd,10683.04,1601889591.173441,10683.03,0,10683.04,0,10600.91
Coinbase,btc_usd,10683.03,1601889591.7683,10683.03,0,10683.04,0,10600.91
Coinbase,btc_usd,10681.84,1601889591.943245,10681.83,0,10681.84,0,10600.91
Coinbase,eth_usd,351.12,1601889592.158571,351.07,0,351.12,0,347.29
Coinbase,btc_usd,10681.83,1601889593.529062,10681.83,0,10681.84,0,10600.91
Coinbase,btc_usd,10681.84,1601889595.939572,10681.83,0,10681.84,0,10600.91
Coinbase,btc_eur,9100.84,1601889596.475743,9100.59,0,9102.04,0,9063.31
Coinbase,btc_eur,9100.59,1601889596.47735,9100.59,0,9102.04,0,9063.31
Coinbase,btc_usd,10681.83,1601889596.613057,10681.83,0,10681.84,0,10600.91
Coinbase,eth_usd,351.13,1601889596.712322,351.1,0,351.13,0,347.29
Coinbase,eth_eur,299.14,1601889596.98193,299.14,0,299.26,0,296.87
Coinbase,btc_eur,9099.03,1601889601.042815,9099.03,0,9101.6,0,9063.31
Coinbase,btc_usd,10681.04,1601889601.691089,10681.04,0,10681.8,0,10600.91
Coinbase,eth_usd,351.11,1601889602.810603,351.1,0,351.11,0,347.29
Coinbase,eth_eur,299.26,1601889604.629164,299.14,0,299.27,0,296.87
Coinbase,eth_eur,299.27,1601889604.629774,299.14,0,299.27,0,296.87
Coinbase,btc_usd,10681.92,1601889606.991443,10681.91,0,10681.92,0,10600.91
Coinbase,btc_eur,9101.56,1601889607.642776,9099.18,0,9101.56,0,9063.31
Coinbase,btc_eur,9099.2,1601889610.25721,9099.2,0,9101.56,0,9063.31
Coinbase,eth_usd,351.1,1601889612.491782,351.1,0,351.11,0,347.29
Coinbase,eth_eur,299.14,1601889612.722504,299.14,0,299.27,0,296.87
Coinbase,btc_usd,10681.92,1601889613.00044,10681.91,0,10681.92,0,10600.91
Coinbase,btc_eur,9099.2,1601889613.24278,9099.2,0,9101.54,0,9063.31
Coinbase,btc_eur,9099.2,1601889617.20309,9099.2,0,9101.54,0,9063.31
Coinbase,btc_eur,9099.2,1601889617.960323,9099.2,0,9101.54,0,9063.31
Coinbase,btc_eur,9099.2,1601889619.179216,9099.2,0,9101.48,0,9063.31
Coinbase,btc_eur,9099.2,1601889619.180172,9099.19,0,9101.48,0,9063.31
Coinbase,btc_eur,9099.19,1601889619.180836,9099.19,0,9101.48,0,9063.31
Coinbase,eth_eur,299.13,1601889626.181867,299.13,0,299.25,0,296.87
Coinbase,eth_usd,351.1,1601889626.822618,351.1,0,351.11,0,347.29
Coinbase,btc_usd,10681.92,1601889626.984532,10681.91,0,10681.92,0,10600.91
Coinbase,btc_usd,10681.92,1601889627.461078,10681.91,0,10681.92,0,10600.91
Coinbase,btc_usd,10681.92,1601889627.944502,10681.91,0,10681.92,0,10600.91
Coinbase,btc_eur,9098.53,1601889634.85216,9098.53,0,9101.08,0,9063.31
Coinbase,btc_usd,10681.92,1601889636.367295,10681.91,0,10681.92,0,10600.91
Coinbase,btc_usd,10681.92,1601889636.716044,10681.91,0,10681.92,0,10600.91
Coinbase,btc_eur,9096.83,1601889637.15693,9096.82,0,9100.59,0,9063.31
Coinbase,btc_eur,9096.82,1601889637.157436,9096.82,0,9100.59,0,9063.31
Coinbase,btc_eur,9100.41,1601889640.174109,9097.48,0,9100.41,0,9063.31
Coinbase,btc_usd,10681.92,1601889641.855895,10681.91,0,10681.92,0,10600.91
Coinbase,eth_usd,351.11,1601889647.205459,351.1,0,351.11,0,347.29
Coinbase,eth_usd,351.11,1601889647.207601,351.1,0,351.32,0,347.29
Coinbase,eth_usd,351.19,1601889647.323182,351.19,0,351.29,0,347.29
Coinbase,eth_usd,351.19,1601889647.57419,351.19,0,351.2,0,347.29
Coinbase,eth_eur,299.26,1601889649.375608,299.14,0,299.26,0,296.87
Coinbase,btc_eur,9097.51,1601889651.325473,9097.51,0,9099.82,0,9063.31
Coinbase,eth_usd,351.2,1601889652.789698,351.19,0,351.2,0,347.29
Coinbase,eth_usd,351.2,1601889653.029076,351.19,0,351.2,0,347.29
Coinbase,btc_eur,9097.51,1601889656.327137,9097.51,0,9099.81,0,9063.31
Coinbase,btc_eur,9099.81,1601889656.564685,9097.51,0,9099.81,0,9063.31
Coinbase,btc_eur,9099.81,1601889656.565259,9097.51,0,9099.82,0,9063.31
Coinbase,btc_eur,9099.82,1601889656.565645,9097.51,0,9099.82,0,9063.31
Coinbase,btc_eur,9097.53,1601889656.990764,9097.53,0,9099.81,0,9063.31
Coinbase,btc_usd,10681.92,1601889661.654929,10681.91,0,10681.92,0,10600.91
Coinbase,btc_usd,10681.92,1601889661.885979,10681.91,0,10681.92,0,10600.91
Coinbase,btc_usd,10681.92,1601889662.567414,10681.91,0,10681.92,0,10600.91
Coinbase,btc_eur,9099.81,1601889662.64124,9097.75,0,9099.81,0,9063.31
Coinbase,btc_eur,9099.81,1601889663.272851,9097.79,0,9099.81,0,9063.31
Coinbase,btc_eur,9099.81,1601889664.938683,9097.98,0,9099.81,0,9063.31
Coinbase,btc_eur,9099.81,1601889664.941372,9097.98,0,9099.81,0,9063.31
Coinbase,btc_eur,9097.98,1601889665.977076,9097.98,0,9099.81,0,9063.31
Coinbase,btc_eur,9097.98,1601889665.977709,9097.97,0,9099.81,0,9063.31
Coinbase,btc_eur,9097.97,1601889665.99351,9097.93,0,9099.81,0,9063.31
Coinbase,btc_eur,9097.93,1601889665.993902,9097.93,0,9099.81,0,9063.31
Coinbase,eth_usd,351.2,1601889666.294157,351.19,0,351.2,0,347.29
Coinbase,eth_eur,299.29,1601889674.702253,299.15,0,299.29,0,296.87
Coinbase,btc_eur,9100.21,1601889674.732942,9098.36,0,9100.21,0,9063.31
Coinbase,btc_eur,9100.18,1601889679.069729,9098.56,0,9100.6,0,9063.31
Coinbase,btc_eur,9100.6,1601889679.070314,9098.56,0,9100.87,0,9063.31
Coinbase,btc_eur,9100.87,1601889679.070681,9098.56,0,9100.87,0,9063.31
Coinbase,eth_usd,351.19,1601889679.543468,351.19,0,351.2,0,347.29
Coinbase,btc_usd,10681.92,1601889683.114728,10681.91,0,10681.92,0,10600.91
Coinbase,btc_eur,9098.58,1601889683.302615,9098.58,0,9101.55,0,9063.31
Coinbase,eth_eur,299.15,1601889683.619365,299.15,0,299.29,0,296.87
Coinbase,btc_eur,9101.55,1601889683.630813,9098.6,0,9101.55,0,9063.31
Coinbase,btc_eur,9101.55,1601889686.745145,9098.62,0,9101.55,0,9063.31
Coinbase,eth_usd,351.19,1601889689.741965,351.19,0,351.2,0,347.29
Coinbase,eth_usd,351.19,1601889689.774835,351.19,0,351.2,0,347.29
Coinbase,eth_usd,351.19,1601889689.775264,351.19,0,351.2,0,347.29
Coinbase,eth_usd,351.19,1601889689.775625,351.19,0,351.2,0,347.29
Coinbase,eth_usd,351.19,1601889689.775983,351.19,0,351.2,0,347.29
Coinbase,btc_usd,10681.91,1601889690.103752,10681.91,0,10681.92,0,10600.91
Coinbase,btc_usd,10681.91,1601889690.174734,10681.91,0,10681.92,0,10600.91
Coinbase,eth_usd,350.95,1601889693.661869,350.94,0,350.95,0,347.29
Coinbase,eth_usd,350.95,1601889693.663621,350.94,0,351.02,0,347.29
Coinbase,btc_eur,9101.02,1601889703.840487,9098.94,0,9101.02,0,9063.31
Coinbase,btc_eur,9101.02,1601889704.081046,9098.94,0,9101.02,0,9063.31
Coinbase,btc_usd,10681.92,1601889707.641363,10681.91,0,10681.92,0,10600.91
Coinbase,eth_usd,351.01,1601889710.373891,351.01,0,351.02,0,347.29
Coinbase,btc_usd,10681.92,1601889710.901204,10681.91,0,10681.92,0,10600.91
Coinbase,btc_usd,10681.92,1601889711.630043,10681.91,0,10681.92,0,10600.91
Coinbase,eth_usd,351.05,1601889711.846659,351.04,0,351.05,0,347.29
Coinbase,btc_eur,9102.03,1601889712.945236,9099.43,0,9102.03,0,9063.31
Coinbase,btc_eur,9099.48,1601889716.707861,9099.48,0,9101.99,0,9063.31
Coinbase,btc_usd,10681.92,1601889717.319343,10681.91,0,10681.92,0,10600.91
Coinbase,btc_usd,10681.91,1601889720.827271,10681.91,0,10681.92,0,10600.91
Coinbase,btc_usd,10681.91,1601889720.831312,10681.91,0,10681.92,0,10600.91
Coinbase,btc_usd,10681.92,1601889723.169283,10681.91,0,10681.92,0,10600.91
Coinbase,eth_usd,351.18,1601889726.105395,351.15,0,351.18,0,347.29
Coinbase,eth_usd,351.17,1601889727.128093,351.16,0,351.17,0,347.29
Coinbase,btc_usd,10681.91,1601889731.834636,10681.91,0,10681.92,0,10600.91
Coinbase,eth_usd,351.16,1601889733.075977,351.16,0,351.18,0,347.29
Coinbase,btc_eur,9099.56,1601889735.829994,9099.56,0,9101.95,0,9063.31
Coinbase,eth_usd,351.16,1601889736.511966,351.16,0,351.18,0,347.29
Coinbase,eth_usd,351.16,1601889736.515922,351.16,0,351.18,0,347.29
Coinbase,btc_usd,10681.92,1601889736.774623,10681.91,0,10681.92,0,10600.91
Coinbase,btc_eur,9099.57,1601889738.932584,9099.57,0,9101.95,0,9063.31
Coinbase,eth_eur,299.27,1601889739.073523,299.14,0,299.27,0,296.87
Coinbase,eth_eur,299.27,1601889739.074953,299.14,0,299.27,0,296.87
Coinbase,eth_usd,351.19,1601889739.593805,351.18,0,351.19,0,347.29
Coinbase,btc_usd,10681.92,1601889740.416627,10681.91,0,10681.92,0,10600.91
Coinbase,eth_usd,351.18,1601889744.102616,351.18,0,351.19,0,347.29
Coinbase,eth_usd,351.18,1601889744.104646,351.18,0,351.19,0,347.29
Coinbase,btc_usd,10681.92,1601889745.42749,10681.91,0,10681.92,0,10600.91
Coinbase,btc_eur,9101.95,1601889745.684961,9099.05,0,9101.95,0,9063.31
Coinbase,btc_eur,9099.24,1601889747.086342,9099.24,0,9101.95,0,9063.31
Coinbase,btc_eur,9101.95,1601889747.63256,9099.32,0,9101.95,0,9063.31
Coinbase,btc_usd,10681.91,1601889750.712163,10681.91,0,10681.92,0,10600.91
Coinbase,btc_usd,10681.91,1601889756.549973,10681.91,0,10681.92,0,10600.91
Coinbase,btc_usd,10681.92,1601889757.302997,10681.91,0,10681.92,0,10600.91
Coinbase,btc_eur,9102.04,1601889763.074793,9100.1,0,9102.04,0,9063.31
Coinbase,btc_usd,10681.92,1601889766.286039,10681.91,0,10681.92,0,10600.91
Coinbase,btc_usd,10681.92,1601889766.941634,10681.91,0,10681.92,0,10600.91
Coinbase,btc_usd,10681.92,1601889767.230639,10681.91,0,10681.92,0,10600.91
Coinbase,eth_usd,351.23,1601889770.737462,351.18,0,351.23,0,347.29
Coinbase,eth_usd,351.19,1601889770.996268,351.18,0,351.19,0,347.29
Coinbase,eth_usd,351.18,1601889771.240493,351.18,0,351.19,0,347.29
Coinbase,btc_eur,9100.15,1601889775.174062,9100.13,0,9102.04,0,9063.31
Coinbase,btc_eur,9100.13,1601889775.174586,9100.13,0,9102.04,0,9063.31
Coinbase,btc_eur,9100.14,1601889776.65909,9100.14,0,9102.02,0,9063.31
Coinbase,eth_usd,351.17,1601889778.121487,351.14,0,351.17,0,347.29
Coinbase,btc_usd,10681.92,1601889778.1548,10681.91,0,10681.92,0,10600.91
Coinbase,btc_usd,10681.92,1601889779.358128,10681.91,0,10681.92,0,10600.91
Coinbase,btc_eur,9102.02,1601889781.265191,9100.14,0,9102.02,0,9063.31
Coinbase,btc_eur,9102.02,1601889782.079597,9100.14,0,9102.02,0,9063.31
Coinbase,btc_usd,10681.92,1601889784.504265,10681.91,0,10681.92,0,10600.91
Coinbase,btc_eur,9100.14,1601889787.185031,9099.82,0,9102.03,0,9063.31
Coinbase,btc_eur,9099.82,1601889787.185594,9099.82,0,9102.03,0,9063.31
Coinbase,btc_usd,10681.92,1601889787.527423,10681.91,0,10681.92,0,10600.91
Coinbase,btc_eur,9102.04,1601889799.114625,9100.42,0,9102.04,0,9063.31
Coinbase,btc_eur,9101.23,1601889800.965702,9099.96,0,9101.23,0,9063.31
Coinbase,btc_eur,9099.21,1601889802.464758,9099.21,0,9101.22,0,9063.31
Coinbase,eth_usd,351.2,1601889804.27277,351.17,0,351.2,0,347.29
Coinbase,eth_eur,299.18,1601889804.56754,299.18,0,299.28,0,296.87
Coinbase,eth_eur,299.28,1601889810.395747,299.18,0,299.28,0,296.87
