Plateforme,Asset,Quote,Datetime,Bid,BidAmount,Ask,AskAmount,OpenInterest
Kraken,btc_usd,10684.0,1601888072.614331,10684.0,0.91251393,10685.8,1.13505257,10692.56385
Kraken,btc_eur,9097.0,1601888072.615148,9095.8,2.0,9097.0,0.835488,9117.11537
Kraken,eth_usd,350.4,1601888072.615586,350.4,40.04657017,350.41,51.39086264,352.70218
Kraken,eth_eur,298.61,1601888072.616,298.61,61.94508802,298.62,5.8,300.50351
Kraken,btc_eur,9096.9,1601888074.880092,9096.1,0.70251327,9096.9,0.3674,9117.11496
Kraken,btc_eur,9096.9,1601888075.210694,9096.5,0.70253957,9096.9,0.33639299,9117.11456
Kraken,btc_eur,9096.9,1601888076.011557,9096.5,0.70253957,9096.9,0.31411624,9117.11428
Kraken,btc_eur,9098.0,1601888080.033045,9097.2,0.03628741,9097.9,0.00783473,9117.11401
Kraken,btc_eur,9097.1,1601888080.94813,9097.1,0.35718451,9098.0,0.68002926,9117.11315
Kraken,btc_eur,9097.6,1601888081.451643,9097.1,0.35718451,9097.6,1.9780434,9117.11288
Kraken,btc_eur,9098.0,1601888087.748305,9097.4,0.01814371,9098.0,3.05633766,9117.11259
Kraken,btc_eur,9097.8,1601888098.620698,9097.0,0.70250022,9097.8,0.01582628,9117.11257
Kraken,btc_eur,9097.8,1601888100.097543,9097.0,0.70250022,9097.8,0.00924904,9117.11249
Kraken,btc_usd,10681.8,1601888103.492793,10681.8,0.31961745,10684.5,7.75789072,10692.5623
Kraken,btc_eur,9098.4,1601888105.889872,9096.0,0.02259104,9098.4,2.69160602,9117.11236
Kraken,btc_eur,9096.0,1601888105.992318,9096.0,0.01810358,9098.4,2.69160602,9117.1123
Kraken,btc_eur,9098.2,1601888108.844005,9096.5,0.70251165,9098.2,0.395,9117.08506
Kraken,eth_eur,298.6,1601888121.361682,298.6,17.64430002,298.62,38.73345417,300.50048
Kraken,eth_eur,298.61,1601888121.449693,298.6,17.64430002,298.61,57.50672,300.5004
Kraken,btc_eur,9098.2,1601888128.212574,9097.0,0.21,9098.2,2.6853427,9117.08486
Kraken,eth_eur,298.62,1601888128.882698,298.61,10.005,298.62,4.42345417,300.50031
Kraken,eth_eur,298.62,1601888129.000329,298.61,10.005,298.62,4.39019625,300.50029
Kraken,eth_usd,350.41,1601888130.611774,350.4,43.4950583,350.41,6.91804281,352.70217
Kraken,btc_eur,9098.5,1601888140.257613,9097.9,0.485,9098.5,2.1921084,9117.08474
Kraken,btc_eur,9098.4,1601888156.448788,9097.6,0.17,9098.4,0.01389773,9117.08471
Kraken,btc_eur,9097.6,1601888160.180156,9097.5,0.02877,9097.6,0.34248805,9117.08468
Kraken,eth_eur,298.64,1601888167.309467,298.63,27.68560459,298.64,32.10682521,300.49924
Kraken,btc_eur,9097.6,1601888168.570299,9097.5,0.55877,9097.6,0.06435334,9117.08452
Kraken,btc_usd,10681.7,1601888169.043836,10681.6,0.002,10681.7,6.86549466,10692.56214
Kraken,btc_eur,9097.5,1601888169.075597,9097.5,0.54728971,9097.6,0.06435334,9117.08438
Kraken,btc_eur,9097.6,1601888171.106347,9097.5,0.57228971,9097.6,0.06047748,9117.08433
Kraken,btc_eur,9097.6,1601888172.443267,9097.5,0.57228971,9097.6,0.24319713,9117.08405
Kraken,btc_eur,9097.6,1601888172.462105,9097.5,0.57228971,9097.6,0.24044928,9117.08402
Kraken,btc_eur,9097.5,1601888174.444575,9097.5,0.45438971,9097.6,0.6253682,9117.08257
Kraken,btc_eur,9097.6,1601888176.966964,9097.5,0.45438971,9097.6,0.2390753,9117.08256
Kraken,btc_eur,9097.6,1601888179.889712,9097.5,0.45438971,9097.6,0.13899829,9117.08133
Kraken,btc_eur,9097.6,1601888180.799721,9097.5,2.95438971,9097.6,0.13395922,9117.08127
Kraken,btc_eur,9099.0,1601888181.560289,9097.5,0.95438971,9099.0,0.33414911,9117.07931
Kraken,eth_eur,298.59,1601888182.377543,298.58,51.40927458,298.59,8.56506,300.4992
Kraken,btc_eur,9099.2,1601888189.214761,9098.5,0.245,9099.2,49.23414911,9117.06242
Kraken,eth_eur,298.59,1601888196.951532,298.58,21.40927458,298.59,3.60299316,300.49916
Kraken,btc_eur,9098.7,1601888200.758506,9098.6,0.205,9098.7,1.0562822,9117.06121
Kraken,btc_eur,9098.6,1601888220.128491,9098.6,0.5167687,9098.7,0.46377194,9117.05991
Kraken,btc_eur,9098.6,1601888222.103048,9098.6,0.5067687,9098.7,0.66211232,9117.05979
Kraken,btc_eur,9099.3,1601888223.150556,9098.6,0.5067687,9099.3,49.18545496,9117.0478
Kraken,btc_eur,9099.3,1601888227.545712,9098.8,0.325,9099.3,49.14886485,9117.0474
Kraken,btc_eur,9098.3,1601888228.599015,9098.3,0.13410618,9099.3,49.14886485,9117.00393
Kraken,eth_eur,298.61,1601888233.70208,298.6,35.64267698,298.61,2.80582278,300.49877
Kraken,btc_eur,9098.7,1601888236.155073,9097.1,0.70251688,9098.7,0.70143519,9117.00392
Kraken,btc_eur,9099.2,1601888239.639003,9097.5,2.0,9099.2,48.96098092,9116.96459
Kraken,btc_eur,9099.0,1601888242.574338,9097.5,2.0,9099.0,0.40502977,9116.95324
Kraken,btc_eur,9098.7,1601888244.892702,9096.5,0.70249013,9098.7,0.39450471,9116.95318
Kraken,btc_eur,9098.7,1601888248.972951,9098.0,0.7025457,9098.7,0.36162176,9116.95281
Kraken,btc_eur,9098.7,1601888253.870673,9098.7,0.40346889,9098.8,0.00745946,9116.95047
Kraken,btc_eur,9098.9,1601888254.152532,9098.7,0.40346889,9098.9,0.80349376,9116.94501
Kraken,btc_eur,9098.6,1601888256.431338,9097.1,0.70259245,9098.9,0.80349376,9116.93489
Kraken,btc_eur,9097.6,1601888257.489165,9097.6,0.69756001,9098.2,0.0181437,9116.93483
Kraken,btc_eur,9097.7,1601888265.601917,9097.7,0.63903696,9098.2,0.0181437,9116.93476
Kraken,eth_usd,350.41,1601888271.34293,350.4,212.01113507,350.41,8.00289633,352.70167
Kraken,eth_eur,298.78,1601888272.554259,298.78,49.21756042,298.79,8.0,300.49873
Kraken,btc_eur,9098.2,1601888280.57557,9097.0,0.70257909,9098.2,1.10283046,9116.9347
Kraken,btc_eur,9098.2,1601888280.978889,9097.0,0.70257909,9098.2,3.07969852,9116.93443
Kraken,btc_eur,9098.2,1601888281.381757,9097.0,0.70257909,9098.2,2.20873863,9116.9242
Kraken,btc_eur,9097.0,1601888281.394363,9097.0,0.55285047,9098.2,2.20873863,9116.92235
Kraken,eth_eur,298.69,1601888284.502926,298.69,29.59,298.73,6.82010521,300.49855
Kraken,btc_eur,9098.6,1601888284.791377,9097.2,2.0,9098.6,49.44965457,9116.91603
Kraken,eth_eur,298.71,1601888291.523643,298.69,29.59,298.71,6.64010521,300.49848
Kraken,btc_eur,9097.8,1601888307.584129,9097.5,0.715,9097.8,0.25359052,9116.91596
Kraken,btc_eur,9097.8,1601888311.888143,9097.7,0.5,9097.8,1.20588597,9116.91583
Kraken,eth_eur,298.69,1601888311.950638,298.62,32.97356922,298.69,6.55010521,300.4984
Kraken,btc_eur,9097.7,1601888317.294332,9097.5,0.715,9097.7,0.2390423,9116.9157
Kraken,btc_eur,9097.2,1601888334.02007,9096.8,0.915,9097.2,3.53909483,9116.91513
Kraken,eth_eur,298.78,1601888338.426327,298.78,63.31773307,298.79,5.0,300.49719
Kraken,btc_usd,10681.7,1601888345.326546,10681.6,0.003,10681.7,5.36439178,10692.5621
Kraken,eth_eur,298.62,1601888355.289088,298.58,30.0,298.62,2.04837021,300.49711
Kraken,btc_eur,9097.2,1601888362.210441,9097.1,0.66,9097.2,6.240614,9116.91512
Kraken,btc_eur,9097.2,1601888369.907131,9097.1,0.66,9097.2,6.19187926,9116.91452
Kraken,btc_eur,9097.2,1601888370.539584,9097.1,0.69449215,9097.2,4.18688069,9116.91446
Kraken,eth_eur,298.62,1601888375.58806,298.6,3.25,298.62,1.95837021,300.49703
Kraken,eth_usd,350.41,1601888379.671319,350.4,61.11982626,350.41,7.95149132,352.70166
Kraken,btc_eur,9097.2,1601888381.296682,9097.1,1.39698392,9097.3,0.21,9116.87169
Kraken,btc_usd,10681.7,1601888382.471012,10681.6,0.003,10681.7,5.547755,10692.56206
Kraken,btc_usd,10680.0,1601888388.4223,10680.0,0.6975,10681.7,5.67689214,10692.56195
Kraken,btc_usd,10680.6,1601888392.286397,10680.5,0.33557,10680.6,1.79401387,10692.56178
Kraken,eth_eur,298.61,1601888395.973397,298.6,32.97394088,298.61,4.58144298,300.49695
Kraken,btc_eur,9097.3,1601888399.651024,9097.2,1.7653571,9097.3,0.44818,9116.87155
Kraken,eth_usd,350.4,1601888403.273882,350.4,13.49029577,350.41,105.74439938,352.70031
Kraken,btc_eur,9094.4,1601888403.303216,9097.2,0.00527728,9097.3,4.20794293,9116.83304
Kraken,btc_eur,9093.5,1601888403.450518,9093.5,0.38373432,9097.3,4.20794293,9116.82011
Kraken,eth_eur,298.44,1601888403.685067,298.25,105.71439755,298.45,77.28955519,300.49686
Kraken,eth_usd,350.4,1601888404.153359,350.4,10.41294884,350.41,181.74153055,352.69947
Kraken,eth_usd,350.4,1601888404.254644,350.14,2.49687653,350.41,181.74153055,352.69945
Kraken,eth_usd,350.11,1601888405.261796,350.11,20.44961287,350.14,41.05577984,352.69763
Kraken,btc_eur,9095.7,1601888406.403353,9094.6,0.315,9095.7,0.39358088,9116.81607
Kraken,btc_eur,9095.7,1601888406.492765,9094.6,0.315,9095.7,0.37645486,9116.81585
Kraken,btc_eur,9095.7,1601888406.719922,9094.6,0.315,9095.7,0.37112722,9116.81578
Kraken,btc_eur,9094.5,1601888412.342693,9094.0,0.665,9095.1,3.62054657,9116.81027
Kraken,eth_eur,298.26,1601888414.040741,298.26,31.11958839,298.34,8.0,300.49437
Kraken,btc_eur,9094.2,1601888415.199616,9094.0,0.665,9094.2,0.49667376,9116.80995
Kraken,btc_eur,9094.2,1601888415.630398,9094.0,0.665,9094.2,0.47396743,9116.80963
Kraken,btc_eur,9094.2,1601888416.068099,9094.0,0.665,9094.2,0.45115737,9116.80931
Kraken,btc_eur,9094.2,1601888416.520953,9094.0,0.665,9094.2,0.42951687,9116.80901
Kraken,btc_eur,9094.2,1601888416.99829,9094.0,0.665,9094.2,0.40388477,9116.80865
Kraken,btc_eur,9094.2,1601888417.460001,9094.0,0.665,9094.2,0.38154006,9116.80834
Kraken,btc_eur,9094.2,1601888417.624961,9094.0,0.665,9094.2,0.35003104,9116.8079
Kraken,btc_eur,9094.0,1601888417.946231,9094.0,0.60740442,9094.2,0.35003104,9116.80709
Kraken,btc_eur,9094.2,1601888420.763531,9094.1,0.06612984,9094.2,0.33503104,9116.80688
Kraken,btc_eur,9094.2,1601888423.29525,9094.1,0.08757857,9094.2,0.24015176,9116.80556
Kraken,btc_eur,9094.4,1601888427.704065,9094.1,0.08757857,9094.4,49.2423277,9116.79171
Kraken,btc_eur,9094.3,1601888428.978684,9094.1,0.08757857,9094.3,0.38500477,9116.7915
Kraken,btc_eur,9094.0,1601888437.508878,9092.6,0.70275633,9094.2,0.25,9116.78174
Kraken,btc_eur,9092.6,1601888439.630922,9092.6,0.68423633,9093.8,50.0077936,9116.78147
Kraken,btc_eur,9093.0,1601888442.712279,9092.6,0.00654431,9093.0,0.89780317,9116.78026
Kraken,btc_eur,9093.4,1601888444.04474,9092.6,0.00654431,9093.4,2.56472124,9116.77827
Kraken,btc_eur,9092.7,1601888448.179707,9092.6,0.00654431,9092.7,0.86896713,9116.77731
Kraken,btc_eur,9092.6,1601888449.342687,9091.1,0.00222,9092.7,1.57193812,9116.77702
Kraken,eth_eur,298.32,1601888452.942446,298.1,0.54591181,298.32,81.82751405,300.18745
Kraken,btc_eur,9091.2,1601888452.949142,9091.1,0.00222,9091.2,1.75,9116.77308
Kraken,btc_usd,10680.0,1601888453.070562,10680.0,0.4475,10680.1,8.9908237,10692.55656
Kraken,btc_eur,9091.4,1601888461.332195,9091.1,0.00222,9092.7,0.86896713,9116.75535
Kraken,btc_eur,9091.2,1601888464.390772,9091.1,0.70518872,9091.2,2.80878395,9116.75047
Kraken,eth_usd,350.11,1601888470.453805,350.11,3.35311977,350.12,76.25205773,352.69762
Kraken,btc_eur,9091.2,1601888478.848679,9091.1,0.70518872,9091.2,0.21878809,9116.75038
Kraken,btc_eur,9091.1,1601888479.917408,9091.1,0.51934095,9091.2,0.21878809,9116.74745
Kraken,btc_eur,9091.2,1601888481.030066,9091.1,0.51934095,9091.2,0.18110325,9116.74686
Kraken,btc_usd,10680.0,1601888483.275867,10680.0,0.43345967,10680.1,9.95570393,10692.55626
Kraken,btc_usd,10680.0,1601888483.280335,10680.0,0.39694656,10680.1,9.95570393,10692.5555
Kraken,btc_usd,10680.0,1601888483.351721,10680.0,0.38290625,10680.1,9.95570393,10692.55521
Kraken,btc_usd,10680.0,1601888483.608393,10680.0,0.36886463,10680.1,9.95570393,10692.55491
Kraken,btc_usd,10680.0,1601888483.608818,10680.0,0.26886463,10680.1,9.95959696,10692.55282
Kraken,btc_usd,10680.0,1601888484.250851,10680.0,0.11787746,10680.1,9.45810362,10692.54967
Kraken,btc_usd,10680.0,1601888484.357545,10680.0,0.01787746,10680.1,9.45810362,10692.54758
Kraken,btc_usd,10675.8,1601888484.667062,10675.8,0.00361391,10680.1,9.46278684,10692.54492
Kraken,btc_usd,10673.4,1601888484.952955,10673.4,0.30461391,10675.9,0.34025322,10692.54176
Kraken,btc_usd,10674.4,1601888485.314997,10674.4,0.4600479,10675.8,0.375,10692.54055
Kraken,btc_usd,10674.5,1601888496.177203,10674.4,0.4600479,10674.5,5.05824462,10692.54028
Kraken,btc_eur,9091.2,1601888503.954479,9091.1,1.11934095,9091.2,0.23073459,9116.74513
Kraken,eth_eur,298.2,1601888505.745844,298.19,73.34238675,298.2,184.47447,300.18668
Kraken,btc_usd,10674.4,1601888506.49774,10674.4,1.23179172,10674.5,5.0625414,10692.53727
Kraken,eth_eur,298.2,1601888511.972853,298.19,85.00624101,298.2,184.37447,300.18664
Kraken,btc_usd,10674.4,1601888512.12104,10674.4,4.59844064,10674.5,2.92402105,10692.53665
Kraken,btc_eur,9091.1,1601888513.392978,9091.1,4.11623735,9091.2,0.00573459,9116.74508
Kraken,btc_usd,10674.4,1601888514.411693,10674.4,5.29324607,10674.5,0.02402105,10692.5364
Kraken,btc_eur,9091.2,1601888519.587276,9091.1,3.61623735,9091.5,50.0,9116.74499
Kraken,eth_eur,298.2,1601888521.757494,298.19,178.50624101,298.2,183.87738395,300.18644
Kraken,btc_eur,9092.8,1601888527.990586,9092.8,2.03677611,9092.9,50.0,9116.73517
Kraken,btc_eur,9092.9,1601888533.59425,9092.8,0.78677611,9092.9,49.97802179,9116.73485
Kraken,btc_eur,9092.9,1601888534.010986,9092.8,2.78677611,9092.9,49.97276161,9116.73477
Kraken,btc_eur,9093.3,1601888538.466648,9092.9,1.1,9094.9,1.5,9116.70497
Kraken,eth_eur,298.52,1601888543.584492,298.52,36.28383053,298.53,27.18672,300.18604
Kraken,btc_usd,10674.4,1601888547.229032,10674.4,6.02011344,10674.5,0.02402105,10692.53571
Kraken,btc_usd,10674.4,1601888547.515188,10674.4,4.41425014,10674.5,0.02402105,10692.52197
Kraken,btc_eur,9093.0,1601888550.532626,9093.0,1.00951048,9093.2,47.93043652,9116.69437
Kraken,btc_eur,9093.9,1601888551.853015,9092.7,0.93705397,9095.0,2.0,9116.68089
Kraken,btc_eur,9093.3,1601888552.70893,9092.7,0.93705397,9093.3,0.01790151,9116.68081
Kraken,eth_usd,350.12,1601888559.403284,350.11,164.9312856,350.25,4.9,352.69487
Kraken,eth_eur,298.52,1601888562.057722,298.51,31.98023583,298.52,3.13966282,300.1841
Kraken,btc_eur,9093.3,1601888571.851081,9093.2,1.20274532,9093.3,0.19302497,9116.67138
Kraken,eth_usd,350.38,1601888573.52489,350.37,29.19329681,350.38,1.11739027,352.69436
Kraken,eth_usd,350.38,1601888573.596866,350.37,64.69329681,350.4,0.75,352.69406
Kraken,btc_eur,9094.4,1601888579.137583,9093.2,3.13747532,9094.4,49.99198729,9116.67051
Kraken,eth_eur,298.63,1601888587.514977,298.57,74.28672425,298.63,2.36005974,300.18405
Kraken,eth_eur,298.64,1601888589.886367,298.63,61.97088684,298.64,9.35705472,300.18404
Kraken,btc_eur,9095.4,1601888590.360549,9094.9,0.01588464,9095.4,8.11281959,9116.67027
Kraken,btc_eur,9095.4,1601888603.748247,9095.3,1.11588464,9095.4,8.53304376,9116.67024
Kraken,btc_eur,9095.4,1601888611.031258,9095.3,3.33473,9095.4,8.50088465,9116.66982
Kraken,btc_eur,9095.4,1601888612.220135,9095.3,3.23473,9095.4,8.44588465,9116.6691
Kraken,btc_usd,10674.4,1601888612.486441,10674.4,28.81628015,10674.5,0.06661912,10692.52051
Kraken,btc_eur,9095.4,1601888612.712142,9095.3,3.23473,9095.4,8.39448498,9116.66843
Kraken,btc_usd,10674.5,1601888614.503844,10674.4,29.08130465,10677.7,0.4,10692.51851
Kraken,btc_eur,9097.5,1601888616.031624,9097.2,0.01588464,9098.4,0.00221695,9116.64494
Kraken,btc_usd,10679.9,1601888617.942292,10679.9,8.55605168,10680.0,0.06133986,10692.47674
Kraken,btc_eur,9097.5,1601888624.057639,9097.4,1.23473,9097.5,47.99573355,9116.64489
Kraken,eth_eur,298.87,1601888627.019112,298.65,134.13512143,298.87,4.76905261,300.18379
Kraken,eth_eur,298.88,1601888628.078262,298.86,33.68672,298.88,4.50925261,300.18213
Kraken,btc_eur,9097.9,1601888628.857152,9097.9,1.98538743,9099.2,0.4,9116.64472
Kraken,btc_eur,9099.2,1601888640.909841,9099.1,1.03310639,9099.2,10.05805757,9116.64466
Kraken,btc_eur,9099.2,1601888644.295847,9099.1,1.01722175,9099.2,8.05947867,9116.64461
Kraken,btc_eur,9099.2,1601888644.707669,9099.1,1.01722175,9099.2,8.02893688,9116.64428
Kraken,btc_eur,9099.2,1601888645.163314,9099.1,1.01722175,9099.2,8.02247477,9116.64422
Kraken,btc_eur,9099.2,1601888645.597151,9099.1,1.01722175,9099.2,7.9973003,9116.64395
Kraken,btc_eur,9099.1,1601888646.024852,9099.1,0.98203859,9099.2,7.9973003,9116.64357
Kraken,btc_eur,9099.1,1601888647.486493,9099.1,0.98398199,9099.2,7.9973003,9116.64352
Kraken,btc_eur,9099.1,1601888650.216174,9099.1,0.87001399,9099.2,7.9973003,9116.6423
Kraken,eth_eur,298.92,1601888652.192509,298.92,6.66951553,298.93,32.98853702,300.18113
Kraken,btc_eur,9099.2,1601888655.152654,9099.1,0.88589863,9099.2,9.46236262,9116.63658
Kraken,btc_eur,9098.9,1601888655.465988,9098.3,0.09758335,9099.2,9.46236262,9116.61189
Kraken,btc_eur,9098.4,1601888656.444679,9098.3,0.09758335,9098.4,1.95,9116.61133
Kraken,eth_eur,298.9,1601888656.715965,298.9,4.87615553,298.93,30.87028175,300.18064
Kraken,eth_eur,298.92,1601888658.813849,298.85,21.38079538,298.92,57.88077218,300.18039
Kraken,btc_eur,9098.4,1601888659.831111,9098.3,0.09758335,9098.4,1.891007,9116.61068
Kraken,eth_eur,298.91,1601888666.071638,298.91,20.58381553,298.92,27.38077218,300.18034
Kraken,btc_usd,10682.2,1601888672.84756,10679.9,8.58648008,10682.2,0.34445505,10692.4754
Kraken,btc_eur,9098.6,1601888680.080559,9098.4,0.7022394,9099.5,0.70230318,9116.60488
Kraken,eth_usd,350.7,1601888681.446317,350.69,196.87555656,350.7,2.01294725,352.69371
Kraken,eth_usd,350.7,1601888681.528008,350.69,196.12504788,350.96,0.75,352.69324
Kraken,btc_eur,9098.5,1601888682.823996,9098.4,2.5955199,9098.5,47.95689928,9116.58818
Kraken,btc_eur,9098.4,1601888687.205107,9098.4,11.3675999,9098.5,47.95689928,9116.58787
Kraken,btc_eur,9099.9,1601888692.225313,9098.4,13.9439105,9100.0,1.07,9116.5814
Kraken,eth_eur,298.96,1601888696.440356,298.96,104.37663687,298.97,0.02125832,300.18031
Kraken,btc_eur,9099.9,1601888708.298345,9099.9,1.09784884,9100.0,1.07,9116.58138
Kraken,btc_eur,9100.0,1601888709.34766,9099.9,1.09784884,9100.0,1.06447197,9116.58132
Kraken,btc_eur,9100.0,1601888710.937728,9099.9,1.09784884,9100.0,1.04366297,9116.58111
Kraken,btc_eur,9100.0,1601888711.545327,9099.9,3.09784884,9100.0,0.04366297,9116.571
Kraken,btc_eur,9099.9,1601888713.803894,9099.9,1.09347427,9100.0,0.04366297,9116.57095
Kraken,btc_eur,9100.0,1601888714.578743,9099.9,1.09973,9100.4,50.0,9116.57051
Kraken,eth_eur,299.0,1601888716.627711,298.96,143.7408061,299.0,0.21592833,300.1796
Kraken,btc_eur,9100.4,1601888717.097642,9100.3,0.13473,9100.4,49.0,9116.56065
Kraken,btc_eur,9100.2,1601888718.584555,9099.6,0.7020266,9101.6,2.0,9116.55057
Kraken,btc_eur,9099.8,1601888720.040757,9099.7,0.13473,9099.8,47.98498809,9116.54036
Kraken,btc_eur,9099.8,1601888721.277092,9099.7,0.63473,9099.8,46.72653775,9116.52754
Kraken,btc_eur,9099.8,1601888722.778846,9099.7,3.33678845,9099.8,46.72553775,9116.52753
Kraken,btc_eur,9099.8,1601888722.961078,9099.7,3.33678845,9099.8,45.76920072,9116.5178
Kraken,eth_usd,351.0,1601888727.511837,350.99,98.93458353,351.0,5.1,352.69316
Kraken,btc_eur,9099.7,1601888730.334151,9099.5,0.29294154,9100.1,0.008928,9116.45686
Kraken,btc_eur,9099.7,1601888736.476124,9099.6,0.13473,9099.7,43.90971584,9116.45634
Kraken,eth_eur,299.12,1601888736.610627,298.99,137.3056881,299.12,5.9195836,300.17953
Kraken,btc_eur,9099.7,1601888740.576831,9099.6,0.63473,9099.7,43.33971584,9116.44619
Kraken,btc_eur,9100.0,1601888742.86738,9099.7,0.8,9100.1,0.008928,9116.41999
Kraken,btc_eur,9099.8,1601888743.601047,9099.7,0.13473,9099.8,46.36527,9116.40995
Kraken,btc_eur,9099.8,1601888746.543067,9099.7,0.63473,9099.8,45.36527,9116.39991
Kraken,btc_eur,9099.8,1601888748.556139,9099.7,0.63473,9099.8,44.36527,9116.38989
Kraken,btc_eur,9099.7,1601888751.003063,9099.7,0.56473,9099.8,44.36527,9116.38919
Kraken,eth_eur,299.15,1601888753.094247,299.15,35.38957113,299.16,21.36234474,300.17883
Kraken,btc_eur,9099.8,1601888753.450396,9099.7,0.13473,9099.8,44.36100068,9116.38915
Kraken,btc_eur,9100.0,1601888754.949747,9099.5,0.04884241,9100.1,0.008928,9116.36313
Kraken,btc_eur,9099.5,1601888757.362147,9099.5,0.11258506,9099.6,0.53628741,9116.3629
Kraken,eth_eur,299.16,1601888763.695638,299.16,6.01580912,299.17,27.36173067,300.17815
Kraken,btc_eur,9099.8,1601888767.070302,9099.5,0.06948155,9100.1,0.008928,9116.34965
Kraken,btc_eur,9099.8,1601888770.096026,9099.7,0.13473,9099.8,49.6632369,9116.33969
Kraken,btc_eur,9099.8,1601888772.276263,9099.7,0.27215396,9099.8,50.4022337,9116.33963
Kraken,btc_eur,9099.8,1601888772.711914,9099.7,0.27215396,9099.8,50.38280302,9116.33943
Kraken,btc_eur,9099.8,1601888773.018608,9099.7,0.27215396,9099.8,49.38280302,9116.32949
Kraken,btc_eur,9099.8,1601888773.149191,9099.7,0.27215396,9099.8,49.35938807,9116.32925
Kraken,btc_eur,9099.7,1601888773.270839,9099.7,0.1236459,9099.8,49.35938807,9116.32777
Kraken,btc_eur,9099.8,1601888773.642769,9099.7,0.2583759,9099.8,49.33865946,9116.32756
Kraken,btc_eur,9099.8,1601888774.062333,9099.7,0.2583759,9099.8,49.30987921,9116.32728
Kraken,btc_eur,9099.7,1601888774.510594,9099.7,0.23269071,9099.8,49.30987921,9116.32702
Kraken,btc_eur,9099.7,1601888774.932252,9099.7,0.1751006,9099.8,49.30987921,9116.32644
Kraken,eth_usd,351.0,1601888776.001874,350.99,178.66012397,351.18,4.95,352.69254
Kraken,btc_eur,9099.8,1601888776.167983,9099.7,0.1751006,9099.8,48.30987921,9116.31651
Kraken,eth_usd,351.32,1601888776.546615,351.21,5.0,351.33,0.75,352.69242
Kraken,btc_eur,9099.8,1601888778.158738,9099.7,0.50948952,9099.8,44.56476407,9116.3066
Kraken,btc_eur,9099.4,1601888779.866518,9099.0,0.06947696,9100.1,0.008928,9116.27095
Kraken,eth_eur,299.22,1601888782.498187,299.21,49.68672,299.22,5.78933595,300.17803
Kraken,btc_eur,9099.3,1601888784.602523,9099.3,0.53473,9099.4,46.46125059,9116.26994
Kraken,eth_eur,299.22,1601888785.978639,299.22,85.16782277,299.23,21.35147217,300.17799
Kraken,eth_eur,299.24,1601888786.569647,299.24,53.99175,299.25,21.35165489,300.17796
Kraken,btc_eur,9100.0,1601888794.229925,9100.0,0.26337736,9100.1,0.43216651,9116.26989
Kraken,btc_eur,9100.1,1601888795.295607,9100.0,0.26337736,9100.1,0.33216651,9116.26892
Kraken,btc_eur,9100.1,1601888800.784582,9100.0,0.26337736,9100.2,50.70196245,9116.2657
Kraken,btc_eur,9100.2,1601888803.723479,9100.1,0.19331577,9100.2,49.70196245,9116.25608
Kraken,btc_eur,9100.2,1601888805.837229,9100.1,0.19331577,9100.2,48.70196245,9116.24648
Kraken,btc_eur,9100.8,1601888808.350196,9100.7,0.57696257,9100.8,1.27507,9116.23724
Kraken,btc_eur,9101.1,1601888810.9749,9101.0,0.44319496,9101.1,49.33216651,9116.2312
Kraken,btc_eur,9101.0,1601888815.191085,9101.0,0.47696257,9101.1,49.33216651,9116.23028
Kraken,btc_eur,9101.0,1601888818.172044,9101.0,0.07696257,9101.1,49.33216651,9116.22664
Kraken,eth_eur,299.4,1601888831.400415,299.36,54.22625612,299.4,5.56966,300.17786
Kraken,eth_eur,299.44,1601888833.366061,299.42,8.21930607,299.44,21.02082553,300.17778
Kraken,btc_eur,9101.2,1601888834.120325,9100.9,0.70192001,9101.3,2.0,9116.22367
Kraken,btc_eur,9101.3,1601888836.930097,9101.2,0.75625231,9101.3,1.50528652,9116.21926
Kraken,btc_eur,9101.3,1601888837.136568,9101.2,0.08704559,9101.3,0.50528652,9116.21036
Kraken,btc_eur,9101.3,1601888838.656906,9101.2,0.30121534,9102.0,50.0,9116.20586
Kraken,btc_eur,9101.4,1601888840.890335,9100.4,0.70187342,9101.4,1.15295118,9116.19703
Kraken,btc_eur,9101.5,1601888845.474912,9101.5,0.58781606,9101.7,2.03628741,9116.19342
Kraken,btc_eur,9101.6,1601888846.776976,9101.3,0.70191768,9101.7,2.0,9116.18955
Kraken,btc_eur,9101.7,1601888849.193715,9101.6,0.30680715,9101.7,1.69319285,9116.1869
Kraken,eth_eur,299.44,1601888853.326217,299.44,45.52964969,299.45,21.34167333,300.17748
Kraken,eth_usd,351.3,1601888853.452025,351.29,123.7158456,351.3,0.70800429,352.69209
Kraken,btc_eur,9101.3,1601888856.389403,9101.3,3.73350318,9102.2,50.0,9116.18682
Kraken,btc_eur,9102.2,1601888857.981275,9101.3,3.73350318,9102.2,49.755,9116.18477
Kraken,eth_eur,299.44,1601888868.679556,299.44,36.23321541,299.45,21.34167333,300.17728
Kraken,eth_usd,351.46,1601888868.806123,351.29,218.7158456,351.46,4.16002029,352.69188
Kraken,btc_eur,9102.4,1601888875.748856,9102.3,1.51043025,9102.6,50.0,9116.17901
Kraken,btc_eur,9102.6,1601888878.781219,9102.5,0.5181437,9102.6,49.0,9116.17093
Kraken,btc_eur,9103.6,1601888880.607343,9102.5,0.70186606,9103.7,0.70191661,9116.16705
Kraken,btc_eur,9102.8,1601888880.924038,9102.5,0.70186606,9102.8,1.07874924,9116.1591
Kraken,btc_eur,9102.8,1601888883.796497,9102.7,0.49974112,9102.8,1.06405512,9116.15898
Kraken,btc_eur,9102.8,1601888883.836201,9102.7,0.49974112,9102.8,0.06405512,9116.15104
Kraken,btc_eur,9102.9,1601888886.576366,9102.8,0.50907185,9102.9,0.10189964,9116.14869
Kraken,btc_eur,9103.0,1601888889.541427,9102.9,0.50907185,9103.0,48.4818563,9116.14088
Kraken,btc_eur,9103.0,1601888890.709657,9102.9,2.50907185,9103.0,48.4318563,9116.14049
Kraken,btc_eur,9103.0,1601888890.725306,9102.9,2.50907185,9103.0,48.40453971,9116.14028
Kraken,btc_eur,9103.0,1601888891.46092,9102.9,2.50907185,9103.0,48.39823356,9116.14023
Kraken,btc_eur,9103.0,1601888891.882966,9102.9,0.50907185,9103.0,48.3782054,9116.14007
Kraken,btc_eur,9103.0,1601888892.303817,9102.9,0.50907185,9103.0,48.35767692,9116.13991
Kraken,btc_eur,9103.0,1601888892.45373,9102.9,0.50907185,9103.0,47.35767692,9116.13211
Kraken,btc_eur,9103.0,1601888892.737588,9102.9,0.50907185,9103.0,47.33306397,9116.13192
Kraken,btc_eur,9102.9,1601888893.188786,9102.9,0.48827704,9103.0,47.33306397,9116.13176
Kraken,btc_eur,9102.0,1601888893.648506,9102.0,0.80925808,9104.8,2.102,9116.13058
Kraken,btc_eur,9103.4,1601888894.087788,9103.4,1.85054487,9103.6,2.2,9116.12945
Kraken,btc_eur,9103.7,1601888897.596397,9103.6,0.37416315,9103.7,49.0,9116.12208
Kraken,eth_usd,351.6,1601888900.248497,351.59,183.34913258,351.6,3.46617321,352.69188
Kraken,btc_eur,9103.7,1601888900.606518,9103.6,0.37416315,9103.7,48.0,9116.11472
Kraken,btc_eur,9103.7,1601888900.761731,9103.6,0.37416315,9103.7,47.97616356,9116.11454
Kraken,eth_usd,351.59,1601888900.824949,351.59,188.13024618,351.6,3.46617321,352.69184
Kraken,btc_eur,9103.7,1601888903.472656,9103.6,0.5,9103.7,47.97260013,9116.11452
Kraken,btc_eur,9103.7,1601888904.540012,9103.6,0.5,9103.7,47.96964474,9116.11449
Kraken,btc_eur,9104.3,1601888905.628044,9104.0,0.70175872,9104.4,2.0,9116.11352
Kraken,btc_eur,9104.0,1601888905.767798,9104.0,0.52175872,9104.1,50.1536996,9116.11223
Kraken,btc_eur,9104.1,1601888919.511803,9104.0,0.52175872,9104.1,0.202953,9116.10989
Kraken,eth_eur,299.69,1601888919.674987,299.66,39.5183409,299.69,175.68837699,300.17422
Kraken,btc_eur,9104.1,1601888922.111846,9104.0,1.02175872,9104.6,50.0,9116.10786
Kraken,eth_usd,351.59,1601888926.768014,351.59,88.06849942,351.6,3.46617321,352.69183
Kraken,btc_eur,9104.5,1601888927.858781,9104.4,2.53671093,9104.6,50.0,9116.10712
Kraken,btc_eur,9104.5,1601888930.642913,9104.0,2.27882796,9105.5,2.0,9116.09218
Kraken,btc_eur,9104.4,1601888930.702977,9104.0,2.27882796,9104.4,47.80136409,9116.09214
Kraken,btc_eur,9104.4,1601888930.774649,9104.0,2.27882796,9104.4,46.80136409,9116.08523
Kraken,btc_eur,9104.4,1601888933.820099,9104.3,0.5,9104.4,47.80136409,9116.07832
Kraken,btc_eur,9104.4,1601888937.038417,9104.3,2.5,9104.4,45.08723983,9116.0734
Kraken,btc_eur,9104.4,1601888940.505555,9104.3,0.5,9104.4,44.56552741,9116.0698
Kraken,btc_usd,10686.2,1601888941.018554,10686.1,18.06572912,10686.2,0.65834105,10692.47512
Kraken,eth_eur,299.69,1601888941.968625,299.68,1.33321541,299.69,197.54174112,300.17382
Kraken,btc_eur,9105.4,1601888942.69503,9104.5,2.0,9105.5,2.10699917,9116.06647
Kraken,btc_usd,10686.2,1601888946.16496,10686.1,22.32460952,10686.2,0.61156853,10692.47463
Kraken,btc_eur,9104.1,1601888950.79537,9104.0,2.45875959,9104.1,0.10246751,9116.05941
Kraken,btc_eur,9104.1,1601888951.410221,9104.0,2.95875959,9104.1,0.08672763,9116.0593
Kraken,btc_usd,10686.1,1601888951.607733,10686.1,20.77916189,10686.2,0.61156853,10692.47455
Kraken,btc_eur,9105.1,1601888952.632257,9104.5,0.70168359,9105.1,51.46286346,9116.05925
Kraken,btc_eur,9105.1,1601888953.60904,9105.0,0.5,9105.1,48.5327505,9116.05279
Kraken,btc_eur,9104.6,1601888953.886644,9104.6,0.46,9105.1,48.87201032,9116.05211
Kraken,btc_eur,9105.1,1601888954.619851,9104.6,0.46,9105.1,48.3870507,9116.05162
Kraken,btc_eur,9105.5,1601888955.765731,9104.6,0.46,9106.3,2.0,9116.05153
Kraken,btc_eur,9105.2,1601888955.912517,9104.6,0.46,9105.2,49.95477291,9116.05133
Kraken,btc_eur,9105.2,1601888959.278625,9105.1,0.56,9105.2,51.45477291,9116.04494
Kraken,btc_eur,9105.1,1601888959.953635,9105.1,0.5432879,9105.2,51.45477291,9116.04483
Kraken,btc_eur,9105.2,1601888960.576119,9105.1,0.75483925,9105.2,49.45277291,9116.04482
Kraken,btc_eur,9105.2,1601888962.090753,9105.1,1.0432879,9105.2,48.45277291,9116.03844
Kraken,btc_eur,9105.2,1601888962.095821,9105.1,1.0432879,9105.2,48.27144984,9116.03728
Kraken,eth_eur,299.69,1601888962.102972,299.68,36.02821541,299.69,191.70981018,300.1737
Kraken,eth_eur,299.59,1601888964.358693,299.59,48.65741805,299.69,194.53968304,300.17326
Kraken,eth_usd,351.6,1601888965.387177,351.59,2.11999999,351.6,60.69131873,352.6918
Kraken,btc_eur,9103.0,1601888967.556949,9104.0,0.00100485,9104.1,1.71105181,9116.0162
Kraken,btc_eur,9102.7,1601888968.007477,9102.5,8.8,9102.7,47.07601085,9116.01618
Kraken,btc_eur,9102.7,1601888969.772372,9102.6,0.16381592,9102.7,47.07401085,9116.01616
Kraken,eth_eur,299.51,1601888978.102974,299.46,10.0,299.51,1.10065681,300.17303
Kraken,eth_eur,299.46,1601888978.321426,299.46,8.8,299.51,1.10065681,300.17286
Kraken,btc_eur,9103.3,1601888985.390145,9103.2,1.0,9103.3,50.43489161,9116.016
Kraken,btc_eur,9103.3,1601888985.596685,9103.2,1.37433406,9103.3,50.43242118,9116.01598
Kraken,btc_eur,9103.2,1601888986.094495,9103.2,1.33815373,9103.3,50.43242118,9116.01571
Kraken,btc_eur,9103.3,1601888986.425619,9103.2,0.37433406,9103.3,51.43242118,9116.00824
Kraken,btc_eur,9103.3,1601888989.368809,9103.2,0.37433406,9103.3,50.43242118,9116.00078
Kraken,btc_eur,9103.3,1601888989.984695,9103.2,0.37433406,9103.3,50.43042118,9116.00076
Kraken,btc_eur,9103.3,1601888990.458991,9103.2,0.37433406,9103.3,49.43042118,9115.99331
Kraken,btc_eur,9103.2,1601888993.053791,9102.6,0.47803403,9103.7,0.70182554,9115.98793
Kraken,btc_eur,9103.0,1601888993.285184,9102.6,0.47803403,9103.0,1.35440356,9115.98054
Kraken,eth_eur,299.48,1601888997.041,299.48,40.515,299.49,22.43245663,300.1723
Kraken,btc_eur,9102.7,1601888997.667087,9102.6,0.97340799,9102.7,0.00723003,9115.98037
Kraken,btc_eur,9102.9,1601889005.619593,9102.9,0.3788839,9103.0,0.43821503,9115.98033
Kraken,btc_eur,9103.0,1601889010.47998,9102.9,3.18189596,9103.1,50.0,9115.98019
Kraken,btc_eur,9103.1,1601889013.503722,9103.0,2.5,9103.1,49.01821503,9115.97265
Kraken,btc_eur,9103.1,1601889016.438533,9103.0,2.5,9103.1,48.01821503,9115.96511
Kraken,btc_eur,9104.4,1601889018.759673,9104.3,2.5271799,9105.0,0.70175569,9115.96036
Kraken,btc_eur,9105.0,1601889021.821486,9104.9,0.50552988,9105.4,50.0,9115.95857
Kraken,btc_eur,9105.1,1601889023.300729,9105.0,0.5,9105.4,50.0,9115.9554
Kraken,btc_eur,9105.2,1601889023.598397,9105.1,0.5,9105.2,0.06223,9115.95494
Kraken,btc_eur,9105.2,1601889026.323227,9105.1,0.5271799,9105.4,50.0,9115.95455
Kraken,btc_eur,9105.2,1601889028.494457,9105.2,0.41079181,9105.4,52.6083642,9115.95421
Kraken,btc_eur,9105.3,1601889028.946373,9105.0,0.01671339,9105.3,2.18418087,9115.95165
Kraken,btc_eur,9105.5,1601889030.356487,9105.1,2.0,9105.9,0.70173107,9115.94778
Kraken,btc_eur,9105.4,1601889031.394996,9105.1,0.41,9105.4,48.82725481,9115.9297
Kraken,btc_eur,9105.3,1601889039.583314,9105.3,0.4338,9105.4,48.82725481,9115.92929
Kraken,eth_eur,299.45,1601889040.078505,299.45,40.776127,299.46,23.30111372,300.17194
Kraken,btc_eur,9105.3,1601889040.557507,9105.1,0.70173352,9105.4,48.82725481,9115.92536
Kraken,btc_eur,9105.6,1601889043.393173,9105.5,0.74,9105.7,50.0,9115.92479
Kraken,btc_eur,9105.7,1601889044.087252,9105.6,0.90613488,9105.7,49.99741,9115.92478
Kraken,eth_eur,299.45,1601889045.247455,299.45,10.44633444,299.46,23.30111372,300.17189
Kraken,btc_eur,9105.7,1601889046.20567,9105.6,0.75,9105.7,49.32066352,9115.91882
Kraken,btc_eur,9105.7,1601889046.53473,9105.6,0.75,9105.7,50.49579352,9115.9187
Kraken,btc_eur,9105.4,1601889048.945771,9105.3,0.50509,9105.4,0.51094008,9115.91258
Kraken,btc_eur,9105.4,1601889049.53725,9105.3,2.50509,9105.4,0.5021997,9115.91252
Kraken,btc_eur,9105.7,1601889051.854264,9105.6,3.13473,9105.7,47.97781,9115.90658
Kraken,btc_eur,9107.3,1601889054.6099,9106.4,0.70155398,9109.3,0.70153021,9115.8971
Kraken,btc_eur,9107.0,1601889054.974256,9106.4,0.70155398,9107.0,47.6901179,9115.89569
Kraken,btc_eur,9107.0,1601889059.070418,9106.9,1.4789143,9107.0,47.63315358,9115.8954
Kraken,eth_eur,299.57,1601889065.56255,299.56,41.36633444,299.57,19.21651995,300.1714
Kraken,btc_eur,9107.0,1601889066.977555,9105.5,0.70156958,9108.2,2.70155398,9115.88145
Kraken,btc_eur,9106.6,1601889067.31539,9106.1,1.0,9106.6,1.99000604,9115.8814
Kraken,btc_eur,9106.2,1601889072.750942,9106.1,1.725,9106.2,0.01467255,9115.88136
Kraken,btc_eur,9106.2,1601889073.198638,9106.1,1.725,9106.2,0.23787043,9115.88133
Kraken,btc_eur,9106.1,1601889073.511003,9106.1,1.69007707,9106.2,0.23787043,9115.88113
Kraken,btc_eur,9106.2,1601889075.184209,9106.1,0.725,9106.7,2.701681,9115.87979
Kraken,btc_eur,9106.7,1601889075.70877,9106.3,0.285,9106.7,2.6988778,9115.87978
Kraken,btc_eur,9106.4,1601889077.640882,9106.3,0.285,9106.4,1.63473,9115.87428
Kraken,btc_eur,9105.8,1601889080.557406,9105.7,0.26250283,9105.8,1.0,9115.86844
Kraken,btc_eur,9105.8,1601889083.428087,9105.7,0.26250283,9106.1,50.0,9115.86261
Kraken,btc_eur,9106.0,1601889085.644521,9105.7,0.26250283,9106.1,50.0,9115.86248
Kraken,btc_eur,9106.0,1601889087.227818,9106.0,1.10737638,9106.1,50.02183026,9115.86247
Kraken,btc_eur,9106.1,1601889088.343845,9106.0,0.405,9106.1,49.31945388,9115.8585
Kraken,btc_eur,9106.1,1601889091.591913,9106.0,2.0,9107.4,0.70165483,9115.84296
Kraken,btc_eur,9106.1,1601889091.6824,9106.0,2.0,9106.1,47.06711676,9115.84241
Kraken,btc_eur,9106.1,1601889093.138382,9105.9,0.19502191,9106.1,49.25728504,9115.84227
Kraken,btc_eur,9106.1,1601889095.963229,9105.9,0.19502191,9106.1,47.23335928,9115.84214
Kraken,eth_usd,351.5,1601889097.398034,351.47,3.7,351.5,0.45814012,352.69179
Kraken,btc_eur,9106.0,1601889099.536198,9105.9,3.396584,9106.0,0.909404,9115.84182
Kraken,btc_eur,9106.0,1601889100.843579,9105.9,3.896584,9106.1,47.01835928,9115.83665
Kraken,btc_eur,9106.1,1601889103.562889,9106.0,2.590596,9106.1,46.01835928,9115.83103
Kraken,btc_usd,10690.0,1601889105.934669,10689.9,17.97126743,10690.0,0.00646795,10692.47437
Kraken,btc_eur,9106.9,1601889106.4988,9106.8,0.5,9107.8,0.70154224,9115.83089
Kraken,btc_eur,9106.8,1601889115.812199,9106.4,0.19500728,9106.9,0.45447757,9115.83083
Kraken,btc_eur,9106.9,1601889116.957816,9106.8,0.98819937,9106.9,2.09478281,9115.83056
Kraken,btc_eur,9106.8,1601889119.085627,9106.4,0.19500728,9108.2,0.70152096,9115.81296
Kraken,eth_eur,299.41,1601889119.475563,299.41,6.99966371,299.44,23.30522404,300.17096
Kraken,btc_eur,9106.5,1601889121.248855,9106.4,0.19500728,9106.5,1.70420551,9115.8076
Kraken,btc_eur,9106.5,1601889123.875408,9106.4,0.19500728,9106.5,1.51731887,9115.80732
Kraken,btc_eur,9106.5,1601889124.958025,9106.4,0.19500728,9106.5,0.33447887,9115.80026
Kraken,btc_eur,9106.6,1601889126.422508,9106.4,0.69500728,9106.6,46.42800105,9115.79908
Kraken,eth_eur,299.41,1601889127.752727,299.41,43.1222102,299.42,23.30505417,300.17009
Kraken,btc_eur,9106.6,1601889129.824503,9106.5,0.265,9106.6,47.63220486,9115.79379
Kraken,btc_eur,9106.6,1601889130.947532,9106.5,0.765,9106.6,45.49474922,9115.79378
Kraken,btc_eur,9106.5,1601889131.011845,9106.5,0.735,9106.6,45.49474922,9115.79362
Kraken,btc_eur,9106.6,1601889132.254885,9106.5,0.735,9106.6,1.0,9115.78834
Kraken,btc_eur,9107.4,1601889138.032941,9107.3,0.47,9107.4,51.0,9115.78352
Kraken,btc_eur,9106.8,1601889141.098178,9106.8,0.97364,9107.0,2.0,9115.78338
Kraken,btc_eur,9105.9,1601889144.442024,9104.6,0.70156618,9107.0,2.0,9115.76954
Kraken,eth_eur,299.42,1601889147.158579,299.39,5.97133444,299.42,26.17050629,300.17008
Kraken,btc_eur,9103.2,1601889154.728606,9103.2,0.4,9103.3,2.00590032,9115.76882
Kraken,btc_eur,9103.3,1601889156.279776,9103.2,0.5,9103.3,0.00054594,9115.76878
Kraken,btc_eur,9103.2,1601889156.284827,9102.7,0.8,9103.3,0.00054594,9115.76518
Kraken,btc_eur,9103.0,1601889159.599812,9102.7,0.5,9103.0,52.07275678,9115.76424
Kraken,btc_eur,9103.0,1601889160.481826,9102.9,1.0,9103.0,52.04857343,9115.76406
Kraken,btc_eur,9103.0,1601889160.940397,9102.9,1.0,9103.0,52.23223258,9115.76389
Kraken,btc_eur,9103.0,1601889160.949051,9102.9,1.0,9103.0,52.09400683,9115.76288
Kraken,btc_eur,9103.0,1601889161.430353,9102.9,1.0,9103.0,52.17893088,9115.76281
Kraken,btc_eur,9103.0,1601889161.858545,9102.9,1.0,9103.0,52.15500315,9115.76264
Kraken,btc_eur,9103.0,1601889162.283728,9102.9,1.04881818,9103.0,52.33188734,9115.76247
Kraken,btc_eur,9103.0,1601889162.890842,9102.9,1.19527352,9103.0,51.33188734,9115.75516
Kraken,btc_eur,9103.0,1601889165.722758,9102.9,0.04881818,9103.0,50.73188734,9115.74786
Kraken,eth_usd,351.5,1601889167.101913,351.49,0.5,351.5,2.83683695,352.69179
Kraken,btc_eur,9103.0,1601889168.66337,9102.9,0.05390818,9103.0,49.73188734,9115.74057
Kraken,btc_eur,9102.0,1601889169.971569,9100.5,1.09884072,9103.0,3.60178333,9115.66756
Kraken,btc_eur,9101.0,1601889170.256527,9100.9,1.0,9101.0,0.30494153,9115.66593
Kraken,btc_eur,9101.0,1601889171.385548,9100.9,1.0,9101.3,42.29929469,9115.66338
Kraken,btc_eur,9101.1,1601889174.025682,9100.5,1.09884072,9101.1,2.5068574,9115.65763
Kraken,eth_usd,351.49,1601889174.105314,351.49,0.01,351.5,139.42074667,352.69172
Kraken,eth_usd,351.49,1601889174.114733,351.25,4.95,351.5,139.42074667,352.69172
Kraken,btc_eur,9101.0,1601889178.770537,9100.9,0.5,9101.0,0.00445584,9115.65761
Kraken,eth_usd,351.25,1601889179.925628,351.24,3.00721124,351.25,41.8654066,352.69003
Kraken,eth_eur,299.22,1601889180.402803,299.19,7.45684104,299.22,22.4977745,300.16952
Kraken,eth_eur,299.22,1601889180.428332,299.19,7.45684104,299.22,16.56279381,300.16841
Kraken,btc_eur,9101.0,1601889182.078165,9100.9,1.0,9101.0,0.64642477,9115.65711
Kraken,btc_eur,9100.5,1601889182.17697,9100.5,0.00175533,9101.0,0.64642477,9115.63929
Kraken,eth_usd,351.25,1601889182.521131,351.24,5.52721124,351.25,27.82115122,352.68999
Kraken,btc_eur,9100.2,1601889183.102232,9100.2,0.9,9100.3,48.31453217,9115.63841
Kraken,eth_usd,351.25,1601889184.207619,351.24,5.52721124,351.25,27.21562391,352.68988
Kraken,eth_eur,299.21,1601889184.261892,299.2,5.97133444,299.21,100.47250331,300.1684
Kraken,btc_eur,9100.3,1601889190.630724,9100.2,0.9,9100.3,46.90291461,9115.62971
Kraken,btc_usd,10689.9,1601889191.898905,10689.9,3.8774214,10690.0,6.33476367,10692.47419
Kraken,btc_eur,9100.3,1601889193.236121,9099.7,0.6,9100.3,48.30291461,9115.62101
Kraken,btc_eur,9099.2,1601889196.286093,9098.7,0.1836697,9099.2,1.0,9115.6117
Kraken,btc_eur,9100.3,1601889198.60784,9100.2,2.5,9100.8,50.0,9115.60823
Kraken,btc_eur,9100.8,1601889199.30954,9100.3,2.6,9100.8,49.990649,9115.60815
Kraken,eth_eur,299.09,1601889200.402024,299.08,35.97133444,299.09,22.29052227,300.16839
Kraken,btc_eur,9100.8,1601889205.684757,9100.7,0.9,9100.8,52.87706074,9115.60804
Kraken,btc_eur,9099.5,1601889206.505304,9099.1,0.70197576,9100.8,1.20199674,9115.58541
Kraken,btc_eur,9099.2,1601889206.659141,9099.1,0.70197576,9099.2,0.08548595,9115.58496
Kraken,btc_eur,9099.5,1601889216.41844,9099.4,0.45550344,9099.5,47.35622268,9115.58472
Kraken,btc_eur,9100.5,1601889218.798324,9099.9,0.70188631,9100.5,49.934536,9115.58416
Kraken,btc_eur,9100.4,1601889222.41963,9100.4,0.9,9100.5,49.934536,9115.5833
Kraken,btc_eur,9100.5,1601889224.697689,9100.4,0.0052,9100.5,49.34700071,9115.57477
Kraken,btc_eur,9100.5,1601889227.622686,9100.4,0.70708658,9100.5,48.34700071,9115.56625
Kraken,btc_eur,9100.5,1601889227.970775,9100.4,0.70708658,9100.5,48.305386,9115.56589
Kraken,btc_eur,9100.8,1601889230.076954,9100.4,3.20708658,9101.9,0.70188875,9115.56559
Kraken,btc_eur,9100.8,1601889233.602252,9100.7,1.05309363,9100.8,49.22258006,9115.55725
Kraken,btc_eur,9100.8,1601889236.512845,9100.7,3.20708298,9100.8,48.16068668,9115.54975
Kraken,btc_eur,9101.8,1601889245.456005,9101.6,0.0052,9101.8,49.6381437,9115.5468
Kraken,btc_usd,10690.0,1601889248.035283,10689.9,6.74767463,10690.0,2.53754152,10692.4701
Kraken,btc_eur,9101.8,1601889250.092008,9101.7,0.45051309,9101.8,49.6375874,9115.54665
Kraken,btc_eur,9101.8,1601889250.795134,9101.7,0.45571309,9101.8,48.6375874,9115.5389
Kraken,btc_eur,9101.8,1601889253.332894,9101.7,0.45571309,9101.8,48.79469901,9115.53853
Kraken,btc_eur,9101.8,1601889253.748168,9101.7,0.0052,9101.8,48.0894874,9115.53078
Kraken,btc_eur,9102.2,1601889256.494851,9102.1,2.52721556,9102.2,0.67885074,9115.53061
Kraken,btc_usd,10689.9,1601889256.798937,10689.9,6.48767463,10690.0,3.04200673,10692.469
Kraken,btc_eur,9102.2,1601889256.846816,9102.1,2.52721556,9102.7,0.70186034,9115.52551
Kraken,btc_eur,9102.7,1601889256.900083,9102.2,0.32114926,9102.7,0.67603677,9115.52532
Kraken,btc_eur,9102.4,1601889257.483213,9102.3,0.02721556,9102.4,0.05063344,9115.52514
Kraken,btc_eur,9102.4,1601889257.924384,9102.3,0.02721556,9102.4,0.04632667,9115.52511
Kraken,btc_eur,9102.4,1601889258.538023,9102.3,0.02721556,9102.4,0.02145481,9115.52492
Kraken,btc_eur,9102.4,1601889259.004545,9102.3,0.02721556,9102.4,0.0064591,9115.52481
Kraken,btc_eur,9102.2,1601889259.485493,9102.2,0.30412093,9102.4,0.0064591,9115.52448
Kraken,btc_eur,9102.6,1601889262.557279,9102.5,0.02721556,9102.7,0.67603677,9115.52084
Kraken,btc_eur,9103.1,1601889268.309913,9103.0,0.01880778,9103.6,0.70181021,9115.5155
Kraken,btc_eur,9103.2,1601889271.141534,9103.0,0.01880778,9103.2,0.59424684,9115.51522
Kraken,eth_eur,299.28,1601889272.117608,299.28,42.92366766,299.29,5.0,300.16828
Kraken,btc_eur,9103.1,1601889278.545795,9103.0,0.57380778,9103.1,2.4799776,9115.51414
Kraken,btc_eur,9103.1,1601889278.780218,9103.0,0.57380778,9103.1,2.52487731,9115.51337
Kraken,btc_eur,9103.1,1601889281.946626,9103.0,0.57380778,9103.6,2.70181021,9115.51012
Kraken,btc_eur,9103.2,1601889284.575377,9103.1,0.86949265,9103.6,2.0,9115.50918
Kraken,btc_eur,9103.6,1601889287.199473,9103.5,0.3202,9103.7,0.06955474,9115.50828
Kraken,btc_usd,10689.9,1601889289.828289,10689.9,8.97644866,10690.0,2.96274246,10692.46887
Kraken,btc_eur,9103.7,1601889290.112608,9103.6,0.31,9103.8,50.0,9115.50684
Kraken,btc_eur,9103.5,1601889293.138838,9103.5,0.70143102,9103.8,50.0,9115.50473
Kraken,btc_usd,10690.0,1601889293.161911,10689.9,9.19859419,10690.0,0.353615,10692.4664
Kraken,btc_eur,9103.7,1601889293.273872,9103.5,0.70143102,9103.7,1.0,9115.49809
Kraken,btc_eur,9104.0,1601889298.721372,9103.9,0.01360778,9104.0,49.13473,9115.49163
Kraken,btc_eur,9104.0,1601889303.363136,9103.9,0.01360778,9104.0,48.0,9115.48517
Kraken,btc_eur,9104.0,1601889303.502638,9103.9,0.01360778,9104.0,47.97566228,9115.48502
Kraken,eth_eur,299.29,1601889303.766633,299.28,46.19133444,299.29,5.86021396,300.16822
Kraken,btc_eur,9104.7,1601889306.38186,9104.6,0.63473,9104.7,0.65310323,9115.48472
Kraken,btc_eur,9104.6,1601889306.952908,9103.8,2.0,9104.7,0.65310323,9115.48076
Kraken,btc_eur,9104.4,1601889311.090093,9103.7,0.29258582,9104.4,0.61616233,9115.48023
Kraken,btc_eur,9103.9,1601889320.856012,9103.8,0.36,9103.9,49.19539706,9115.47044
Kraken,btc_eur,9103.9,1601889324.784286,9103.8,0.36,9103.9,49.68079117,9115.47042
Kraken,btc_usd,10689.9,1601889328.097564,10689.9,4.97296906,10690.0,5.61998977,10692.46633
Kraken,btc_eur,9103.8,1601889330.589291,9103.7,15.7415293,9103.8,1.81924445,9115.46979
Kraken,btc_eur,9103.8,1601889332.092831,9103.7,18.5862593,9103.8,0.71045093,9115.46361
Kraken,btc_eur,9103.1,1601889332.681259,9101.9,0.70180711,9103.8,0.70184269,9115.33888
Kraken,btc_eur,9101.9,1601889344.22774,9101.8,1.67008097,9101.9,1.13691004,9115.33886
Kraken,eth_usd,351.41,1601889347.248171,351.27,2.488684,351.41,21.33108771,352.68988
Kraken,btc_eur,9101.9,1601889348.751751,9101.8,2.17008097,9101.9,0.48277265,9115.3387
Kraken,btc_eur,9101.9,1601889349.244863,9101.8,1.67008097,9101.9,0.45984278,9115.33853
Kraken,btc_eur,9101.9,1601889349.669474,9101.8,1.67008097,9101.9,2.7387763,9115.33832
Kraken,btc_eur,9101.9,1601889350.099153,9101.8,1.67008097,9101.9,2.73549488,9115.33829
Kraken,btc_usd,10689.9,1601889350.217198,10689.9,5.82455463,10690.0,5.61998977,10692.46627
Kraken,btc_eur,9101.9,1601889350.557965,9101.8,0.96820628,9101.9,0.71298183,9115.33812
Kraken,btc_eur,9101.8,1601889350.983131,9101.8,0.9300484,9101.9,0.71298183,9115.33784
Kraken,eth_eur,299.27,1601889352.507412,299.27,5.48873206,299.28,29.37171013,300.16813
Kraken,btc_eur,9102.7,1601889353.058502,9101.8,0.9300484,9102.7,48.57354237,9115.32254
Kraken,eth_usd,351.34,1601889356.390601,351.33,124.91873527,351.34,20.14428037,352.68969
Kraken,eth_usd,351.37,1601889357.582013,351.33,124.91873527,351.37,7.14535117,352.6875
Kraken,eth_eur,299.28,1601889363.479309,299.27,5.48873206,299.28,29.33878013,300.16812
Kraken,btc_eur,9102.3,1601889363.724186,9102.2,0.445,9102.3,1.89416516,9115.31936
Kraken,btc_eur,9102.3,1601889364.014012,9102.2,0.445,9102.3,0.16423753,9115.3193
Kraken,btc_eur,9101.6,1601889370.151598,9101.4,0.70195795,9102.3,0.59567993,9115.29479
Kraken,btc_eur,9101.4,1601889376.372443,9101.3,0.14645719,9101.4,0.71074012,9115.29445
Kraken,eth_eur,299.28,1601889376.382652,299.27,5.48873206,299.28,13.33878013,300.16532
Kraken,btc_usd,10689.9,1601889389.353261,10689.9,11.9144041,10690.0,0.353615,10692.46615
Kraken,btc_eur,9101.1,1601889393.849793,9101.0,6.89693122,9101.1,0.20766436,9115.29381
Kraken,eth_usd,351.37,1601889398.701469,351.36,124.13841147,351.37,4.231,352.68743
Kraken,btc_eur,9105.9,1601889398.960089,9101.0,7.38317256,9105.9,48.22488544,9115.28167
Kraken,btc_eur,9105.3,1601889403.184181,9105.3,0.98152653,9105.6,0.4,9115.28085
Kraken,eth_usd,351.36,1601889403.64478,351.36,101.13841147,351.37,4.26057094,352.68357
Kraken,btc_eur,9106.0,1601889422.752493,9105.4,0.70158071,9106.1,2.46567177,9115.27699
Kraken,btc_eur,9104.1,1601889429.845187,9104.0,0.04393,9104.1,3.44683223,9115.27696
Kraken,btc_eur,9104.1,1601889431.973295,9104.0,0.04393,9104.1,3.43749514,9115.2769
Kraken,btc_eur,9103.3,1601889434.475977,9104.0,6.346e-05,9104.1,3.43749514,9115.26084
Kraken,eth_usd,351.37,1601889435.323478,351.36,2.57260796,351.37,29.12057094,352.68204
Kraken,btc_eur,9103.1,1601889440.395587,9103.0,0.4828926,9103.1,3.19715619,9115.26082
Kraken,btc_eur,9103.1,1601889440.669835,9103.0,0.4828926,9103.1,1.19300539,9115.26079
Kraken,btc_eur,9103.1,1601889441.095454,9103.0,0.9828926,9103.1,1.17144124,9115.26065
Kraken,btc_eur,9103.0,1601889441.534944,9103.0,0.43452296,9103.1,0.74,9115.26032
Kraken,btc_eur,9103.1,1601889445.636786,9103.0,0.43452296,9103.1,3.24182915,9115.26019
Kraken,btc_usd,10692.0,1601889448.2368,10692.0,3.52011513,10692.1,7.34203761,10692.46614
Kraken,btc_eur,9103.1,1601889448.661874,9103.0,0.93452296,9103.1,1.23248952,9115.26013
Kraken,btc_eur,9103.1,1601889451.25867,9103.0,0.43452296,9103.1,2.50914635,9115.25695
Kraken,eth_usd,351.39,1601889457.319087,351.38,2.33260795,351.39,5.77927224,352.6783
Kraken,btc_eur,9103.1,1601889459.409183,9103.0,0.43452296,9103.1,3.41426571,9115.25675
Kraken,eth_eur,299.27,1601889459.605403,299.27,0.81603611,299.29,31.10048931,300.16431
Kraken,btc_eur,9103.7,1601889467.473375,9103.5,0.5,9103.7,1.99994517,9115.25661
Kraken,eth_eur,299.25,1601889472.564588,299.25,47.2017489,299.28,3.12,300.16356
Kraken,btc_eur,9103.1,1601889474.883329,9102.7,0.25,9103.1,0.00169584,9115.25655
Kraken,btc_eur,9103.3,1601889476.51572,9103.2,0.5,9103.3,1.45847819,9115.25294
Kraken,btc_eur,9103.3,1601889477.934477,9103.2,0.5,9103.3,0.37874506,9115.25287
Kraken,btc_eur,9103.3,1601889480.942077,9103.2,1.0,9103.3,0.3662777,9115.25275
Kraken,btc_eur,9103.3,1601889484.215297,9103.2,0.5,9103.3,2.31444444,9115.25241
Kraken,btc_eur,9103.3,1601889486.21221,9103.2,1.28,9103.3,0.29534666,9115.25232
Kraken,eth_eur,299.27,1601889487.887868,299.27,6.94003313,299.29,25.95327715,300.16351
Kraken,btc_eur,9102.3,1601889497.196683,9102.3,0.28442548,9103.1,0.00630521,9115.25149
Kraken,btc_eur,9103.0,1601889497.859486,9102.4,0.5,9103.0,0.70081279,9115.25118
Kraken,eth_usd,351.43,1601889500.015617,351.42,0.22936764,351.43,31.37755402,352.67541
Kraken,eth_usd,351.42,1601889501.489888,351.42,0.00936763,351.43,58.20949158,352.67508
Kraken,eth_usd,351.42,1601889501.565119,351.39,2.96622611,351.43,78.70949158,352.67508
Kraken,eth_usd,351.39,1601889501.608581,351.39,2.31622611,351.42,2.31063237,352.67498
Kraken,btc_eur,9102.0,1601889502.680183,9102.0,0.33570325,9102.1,3.50073,9115.2493
Kraken,eth_usd,351.3,1601889502.931766,351.11,14.90076,351.3,0.06464816,352.67497
Kraken,eth_usd,351.16,1601889503.459057,351.11,14.95535184,351.16,50.50080275,352.67473
Kraken,eth_usd,351.09,1601889508.591257,351.04,30.0,351.09,0.25681143,352.67472
Kraken,btc_eur,9102.0,1601889510.211512,9102.0,0.32421872,9102.1,3.78473,9115.24921
Kraken,btc_eur,9102.0,1601889513.48111,9102.0,0.00058265,9102.1,3.78473,9115.24685
Kraken,btc_eur,9101.6,1601889515.85367,9101.5,0.549,9101.6,4.82093725,9115.24684
Kraken,btc_eur,9101.6,1601889521.264353,9101.5,0.549,9101.6,5.12693725,9115.24614
Kraken,btc_eur,9101.6,1601889522.150549,9101.5,0.549,9101.6,5.21520764,9115.24611
Kraken,btc_eur,9101.0,1601889525.728667,9101.5,0.00051757,9101.6,4.88477773,9115.24195
Kraken,btc_eur,9100.0,1601889540.130679,9100.0,0.06484991,9100.6,4.1892939,9115.24102
Kraken,btc_usd,10692.1,1601889541.511912,10692.0,3.52011513,10692.1,10.07471034,10692.46612
Kraken,btc_eur,9100.1,1601889543.04156,9100.0,0.06484991,9100.1,3.86587052,9115.2409
Kraken,eth_usd,351.07,1601889544.905642,351.07,6.79552317,351.13,13.90496647,352.67472
Kraken,eth_eur,299.15,1601889545.071164,299.09,41.06935817,299.15,27.32784536,300.1635
Kraken,btc_eur,9100.1,1601889547.395799,9100.0,0.06484991,9100.1,3.62906044,9115.24011
Kraken,btc_usd,10692.0,1601889547.798503,10692.0,2.80391526,10692.1,11.75002712,10692.46557
Kraken,eth_usd,351.22,1601889549.082048,351.2,0.39149525,351.22,10.0,352.67137
Kraken,btc_eur,9100.1,1601889549.54158,9100.0,0.06484991,9100.1,3.53437758,9115.23854
Kraken,btc_eur,9100.0,1601889550.279307,9100.0,0.06351349,9100.1,3.56042666,9115.23853
Kraken,eth_eur,299.14,1601889562.028557,299.13,5.755,299.14,20.8830905,300.16341
Kraken,eth_usd,351.33,1601889574.741485,351.32,0.42047412,351.33,17.275,352.66828
Kraken,btc_eur,9100.0,1601889575.624892,9099.3,0.09754916,9100.1,3.56042666,9115.238
Kraken,eth_eur,299.26,1601889583.312742,299.26,5.09517817,299.27,21.34915802,300.16305
Kraken,btc_eur,9100.0,1601889588.99576,9099.9,0.01557,9100.0,1.36960428,9115.23673
Kraken,btc_usd,10692.0,1601889593.168161,10692.0,2.60491526,10692.1,14.3826793,10692.46542
Kraken,btc_eur,9100.0,1601889595.342413,9099.9,0.01557,9100.0,3.22033702,9115.23661
Kraken,btc_eur,9100.0,1601889595.785941,9099.9,0.01557,9100.0,3.1931948,9115.23638
Kraken,btc_eur,9099.9,1601889596.232046,9099.9,0.0041338,9100.0,3.1931948,9115.23628
Kraken,eth_usd,351.36,1601889597.589276,351.35,2.54,351.36,63.68387821,352.66528
Kraken,btc_eur,9100.0,1601889600.981184,9099.9,0.0041338,9100.0,3.18792204,9115.23624
Kraken,btc_eur,9099.9,1601889603.963373,9099.9,0.0010013,9100.0,0.76556461,9115.23621
Kraken,btc_eur,9099.3,1601889607.615291,9099.3,0.10295947,9100.0,2.99781988,9115.23582
Kraken,btc_eur,9099.3,1601889609.390662,9099.3,0.0924217,9099.4,0.07612151,9115.23573
Kraken,btc_eur,9099.4,1601889610.07902,9099.3,0.0924217,9099.4,0.0416867,9115.23543
Kraken,btc_usd,10692.0,1601889610.205482,10692.0,2.57048045,10692.1,14.31096927,10692.46539
Kraken,btc_eur,9097.6,1601889631.196854,9097.6,0.0331367,9099.4,3.71380973,9115.23462
Kraken,btc_eur,9098.5,1601889635.024678,9097.5,2.0,9098.5,0.69428268,9115.23454
Kraken,btc_usd,10692.0,1601889635.025151,10692.0,2.56264036,10692.1,14.90396927,10692.46539
Kraken,btc_eur,9098.5,1601889635.025498,9097.5,2.0,9098.5,0.68045717,9115.23442
Kraken,btc_usd,10692.0,1601889635.025843,10692.0,2.54881485,10692.1,14.90396927,10692.46537
Kraken,btc_eur,9098.5,1601889635.026188,9097.5,2.0,9098.5,0.62760353,9115.23393
Kraken,btc_usd,10692.0,1601889635.026534,10692.0,2.49596121,10692.1,14.90396927,10692.46533
Kraken,btc_eur,9098.5,1601889635.026879,9097.5,2.0,9098.5,0.62286559,9115.23389
Kraken,btc_usd,10692.0,1601889635.027226,10692.0,2.49122327,10692.1,14.90396927,10692.46533
Kraken,btc_eur,9098.5,1601889635.027571,9097.5,2.0,9098.5,0.51337683,9115.23288
Kraken,eth_usd,351.36,1601889639.039452,351.35,2.54,351.36,46.91923064,352.66229
Kraken,btc_eur,9098.3,1601889658.797024,9098.2,0.63473,9098.3,2.79136835,9115.23278
Kraken,btc_eur,9098.3,1601889663.73047,9098.2,0.63473,9098.3,1.08095642,9115.2327
Kraken,btc_eur,9098.3,1601889671.988493,9098.2,2.67101741,9098.3,0.97115642,9115.23168
Kraken,eth_eur,299.16,1601889675.881104,299.16,5.99743317,299.17,21.35795642,300.16303
Kraken,btc_eur,9098.2,1601889676.493402,9098.2,3.19927971,9098.3,0.97115642,9115.23005
Kraken,btc_eur,9098.8,1601889685.869697,9098.2,0.70211988,9098.8,0.97083041,9115.22983
Kraken,btc_eur,9098.2,1601889686.330073,9098.2,0.62437915,9098.8,0.97083041,9115.2291
Kraken,btc_eur,9098.2,1601889686.480007,9098.2,0.62065503,9098.7,2.25,9115.22907
Kraken,btc_eur,9098.2,1601889686.498374,9098.2,0.22064504,9098.7,2.25,9115.22532
Kraken,btc_eur,9098.7,1601889687.804135,9097.8,0.70213088,9098.7,2.22474428,9115.2251
Kraken,btc_eur,9098.5,1601889691.20334,9097.2,0.70213535,9098.5,2.20228943,9115.2205
Kraken,btc_eur,9097.4,1601889693.917231,9097.4,1.9322657,9098.5,1.70217932,9115.21984
Kraken,btc_eur,9098.4,1601889696.323549,9097.4,0.4,9098.4,1.99392616,9115.21978
Kraken,btc_eur,9097.5,1601889700.782916,9097.5,2.63621078,9098.5,1.0,9115.21914
Kraken,btc_eur,9098.3,1601889704.740651,9097.5,0.70218656,9098.3,1.99176919,9115.21906
Kraken,btc_eur,9098.3,1601889705.860247,9097.5,0.70218656,9098.3,1.97456364,9115.2189
Kraken,eth_usd,351.21,1601889719.248281,351.13,70.55606542,351.21,11.42616048,352.66028
Kraken,btc_eur,9098.6,1601889722.22283,9098.5,0.5,9098.6,1.09020329,9115.21881
Kraken,btc_eur,9098.6,1601889724.022401,9098.5,3.00916895,9098.6,1.08037015,9115.21872
Kraken,btc_eur,9098.9,1601889725.360307,9098.9,0.6919393,9099.5,0.97,9115.21863
Kraken,btc_eur,9100.2,1601889739.80406,9099.7,0.70205703,9100.2,2.548,9115.21837
Kraken,eth_usd,351.28,1601889742.192449,351.27,7.13336735,351.28,51.15844043,352.66025
Kraken,btc_eur,9099.8,1601889743.989229,9098.9,0.70212519,9099.8,1.998064,9115.21835
Kraken,btc_eur,9100.4,1601889757.338268,9100.3,0.53628741,9100.4,0.05587566,9115.21831
Kraken,btc_eur,9100.3,1601889757.359702,9100.3,0.47122576,9100.4,0.05587566,9115.21777
Kraken,eth_usd,351.28,1601889760.833135,351.27,4.1148626,351.28,51.1359521,352.66025
Kraken,btc_eur,9100.1,1601889769.012578,9099.7,0.9534352,9100.1,1.40373331,9115.21282
Kraken,btc_eur,9100.1,1601889770.084147,9099.7,0.9534352,9100.1,1.29673331,9115.21193
Kraken,eth_eur,299.15,1601889772.981515,299.15,50.89369369,299.16,3.0,300.16296
Kraken,btc_eur,9099.7,1601889781.547771,9099.7,0.95115118,9100.0,2.0,9115.21191
Kraken,btc_usd,10692.0,1601889785.519487,10692.0,2.39222327,10692.1,15.00473715,10692.46525
Kraken,btc_eur,9099.9,1601889785.733023,9099.7,0.95115118,9099.9,0.349822,9115.21103
Kraken,btc_eur,9099.7,1601889787.685811,9099.7,0.94441672,9099.8,0.835,9115.21097
Kraken,btc_eur,9099.8,1601889797.339987,9099.7,2.1464751,9099.8,0.78481283,9115.21055
Kraken,btc_eur,9099.8,1601889797.978841,9099.7,2.1464751,9099.8,0.78052851,9115.21051
Kraken,btc_eur,9099.8,1601889798.49761,9099.7,2.1464751,9099.8,0.75706184,9115.21031
Kraken,btc_eur,9099.8,1601889798.942333,9099.7,2.1464751,9099.8,0.73515989,9115.21013
Kraken,eth_eur,299.15,1601889802.282789,299.14,6.205,299.15,23.67393148,300.16294
Kraken,eth_eur,299.14,1601889808.627927,299.14,5.505,299.15,23.67393148,300.16279
Kraken,btc_eur,9099.9,1601889809.951783,9099.9,1.00392568,9100.5,0.70210131,9115.21009
Kraken,eth_eur,299.14,1601889811.377367,299.14,4.715,299.15,23.67393148,300.16264
Kraken,eth_eur,299.14,1601889812.018179,299.14,34.23583909,299.15,23.67393148,300.16254
Kraken,btc_eur,9100.5,1601889814.136507,9100.0,0.255,9100.5,0.69691884,9115.21005
Kraken,btc_eur,9100.7,1601889819.437989,9100.6,0.715,9100.7,1.144826,9115.20921
Kraken,eth_eur,299.15,1601889825.767015,299.15,72.61228788,299.16,3.0,300.16234
Kraken,btc_eur,9102.8,1601889830.876779,9102.8,1.9846225,9103.9,0.06128997,9115.20911
Kraken,btc_eur,9103.6,1601889833.302268,9102.8,0.03628741,9103.6,0.05105067,9115.20904
Kraken,btc_eur,9103.2,1601889838.396792,9103.2,0.25691741,9103.8,2.0,9115.20819
Kraken,btc_eur,9103.3,1601889839.827862,9103.3,0.23880471,9103.4,0.27,9115.208
Kraken,btc_eur,9103.4,1601889842.551731,9103.3,0.24787656,9103.4,0.02818987,9115.20643
Kraken,eth_eur,299.15,1601889845.844314,299.15,95.17253948,299.16,3.0,300.16218
Kraken,eth_usd,351.36,1601889850.303485,351.35,14.95268326,351.36,23.05134106,352.6602
Kraken,eth_eur,299.15,1601889851.746343,299.15,87.89071948,299.16,5.45963996,300.16193
Kraken,btc_eur,9103.6,1601889857.35007,9102.7,0.465,9103.6,49.57421129,9115.20005
Kraken,btc_usd,10697.4,1601889860.963437,10692.0,2.90769744,10697.4,5.04361348,10692.49607
Kraken,btc_eur,9103.5,1601889863.598854,9103.1,0.70190662,9103.5,1.99765842,9115.20003
Kraken,btc_eur,9103.5,1601889864.136909,9103.2,0.225,9103.5,1.98859751,9115.19997
Kraken,eth_eur,299.29,1601889870.084932,299.15,64.4892401,299.29,25.78520518,300.15289
Kraken,btc_eur,9103.6,1601889873.213015,9103.5,1.00907185,9103.6,0.99217497,9115.19992
Kraken,btc_eur,9103.6,1601889873.969897,9103.5,1.00907185,9103.6,0.68493048,9115.19797
Kraken,eth_eur,299.28,1601889876.728803,299.28,28.32907247,299.29,4.43560562,300.15261
Kraken,btc_eur,9103.6,1601889878.528544,9103.5,1.00907185,9103.6,0.07751542,9115.19729
Kraken,btc_eur,9103.6,1601889887.202633,9103.5,1.0,9103.6,0.54881395,9115.1971
Kraken,btc_eur,9103.6,1601889887.605654,9103.5,3.00907185,9103.6,0.52522109,9115.19695
Kraken,btc_eur,9103.6,1601889888.015969,9103.5,3.00907185,9103.6,0.50043193,9115.1968
Kraken,btc_eur,9103.6,1601889888.509868,9103.5,3.00907185,9103.6,0.49650642,9115.19677
Kraken,btc_eur,9103.6,1601889889.019591,9103.5,3.00907185,9103.6,0.47547355,9115.19664
Kraken,btc_eur,9103.5,1601889891.200541,9103.5,3.00796752,9103.6,0.47547355,9115.19663
Kraken,eth_eur,299.29,1601889896.811679,299.28,98.00102454,299.34,21.34542787,300.15186
Kraken,btc_eur,9103.5,1601889898.392304,9103.5,4.01383447,9103.6,0.47547355,9115.19607
Kraken,btc_eur,9103.6,1601889900.0339,9103.5,2.1018338,9103.6,0.42301655,9115.19574
Kraken,btc_eur,9103.6,1601889903.468956,9103.5,1.7018338,9103.6,0.41501527,9115.19552
Kraken,btc_usd,10692.1,1601889905.647701,10692.0,5.76686385,10692.1,4.91529477,10692.49607
Kraken,btc_eur,9103.5,1601889906.841331,9103.5,1.69860281,9103.6,0.41501527,9115.1955
Kraken,btc_eur,9103.6,1601889918.804589,9103.5,1.19860281,9103.6,0.12552258,9115.19362
Kraken,btc_eur,9103.6,1601889926.233908,9103.5,1.19860281,9103.6,0.1213392,9115.19359
Kraken,btc_usd,10692.1,1601889926.501957,10692.0,2.85000488,10692.1,5.64439571,10692.49607
Kraken,btc_usd,10692.1,1601889930.486673,10692.0,5.69025811,10692.1,5.31469844,10692.49601
Kraken,btc_eur,9103.6,1601889934.633153,9103.5,1.72860281,9103.6,0.09188715,9115.19357
Kraken,eth_usd,351.36,1601889942.749574,351.35,115.81653049,351.5,21.34306322,352.65995
Kraken,btc_eur,9103.7,1601889944.521763,9103.5,1.72860281,9103.7,0.34541453,9115.19351
Kraken,eth_eur,299.39,1601889946.236728,299.38,7.27612565,299.39,21.29238338,300.15186
Kraken,btc_eur,9103.7,1601889957.511631,9103.6,3.50407185,9103.7,0.38597666,9115.19337
Kraken,btc_eur,9103.6,1601889959.115699,9103.6,3.46407185,9103.7,0.38597666,9115.19312
Kraken,btc_eur,9103.6,1601889963.004222,9103.6,1.31294864,9103.7,0.38597666,9115.19216
Kraken,btc_eur,9103.6,1601889964.293248,9103.6,1.49114844,9103.7,0.38597666,9115.19208
Kraken,btc_eur,9103.6,1601889965.722376,9103.6,0.12771056,9103.7,0.38597666,9115.18601
Kraken,btc_eur,9103.6,1601889970.525516,9103.5,0.7018338,9103.6,0.00534422,9115.18588
Kraken,btc_eur,9103.6,1601889970.949919,9103.5,0.9997953,9103.6,0.40715319,9115.18566
Kraken,btc_eur,9103.6,1601889971.381296,9103.5,1.08551811,9103.6,0.38286278,9115.18551
Kraken,btc_eur,9103.9,1601889983.397125,9103.9,0.45030164,9104.0,0.14684559,9115.18547
Kraken,btc_eur,9102.3,1601889984.885929,9102.3,0.5577828,9104.0,50.50630571,9115.15931
Kraken,btc_eur,9102.9,1601889987.448665,9102.9,0.66616052,9103.2,0.01360778,9115.15907
Kraken,btc_eur,9103.4,1601890002.292619,9103.3,3.20168735,9103.4,0.27361371,9115.15901
Kraken,eth_eur,299.43,1601890009.65944,299.4,10.105,299.43,21.04067094,300.15182
Kraken,btc_eur,9103.4,1601890010.124884,9103.4,2.44709218,9103.5,2.31745864,9115.15867
Kraken,btc_eur,9103.4,1601890019.27484,9103.4,0.74627419,9103.5,2.32606938,9115.15864
Kraken,btc_usd,10691.0,1601890027.775561,10691.0,2.85364199,10692.1,7.52623097,10692.48725
Kraken,btc_eur,9103.5,1601890027.932924,9103.4,4.54681271,9103.5,2.29551469,9115.1585
Kraken,btc_eur,9103.5,1601890028.945879,9103.4,4.96125709,9103.5,2.27273169,9115.15836
Kraken,btc_usd,10691.2,1601890031.917846,10691.2,0.12606281,10692.1,5.52623097,10692.47742
Kraken,btc_eur,9103.4,1601890037.096839,9103.4,4.6827356,9103.5,2.27273169,9115.15832
Kraken,eth_eur,299.42,1601890038.84116,299.4,6.005,299.42,1.13321723,300.1518
Kraken,btc_usd,10689.4,1601890040.768645,10689.4,0.49155517,10692.0,2.37925005,10692.45403
Kraken,btc_eur,9103.2,1601890041.575609,9103.2,0.45946979,9103.5,5.65634243,9115.15825
Kraken,btc_eur,9103.5,1601890041.883364,9103.2,0.45946979,9103.5,5.58625003,9115.15781
Kraken,btc_eur,9103.3,1601890049.526428,9103.2,0.45946979,9103.3,3.44334074,9115.15586
Kraken,btc_usd,10690.1,1601890053.395713,10690.0,2.50199053,10690.1,2.04962892,10692.45397
Kraken,btc_usd,10690.0,1601890059.526775,10690.0,0.46409053,10690.1,2.04962892,10692.45383
Kraken,btc_eur,9103.3,1601890075.664425,9103.2,1.41124258,9103.3,0.55688901,9115.15491
Kraken,btc_eur,9103.3,1601890079.630495,9103.2,1.41124258,9103.3,0.55459221,9115.15489
Kraken,btc_eur,9103.2,1601890086.838336,9103.2,3.59617449,9103.3,0.35991408,9115.15482
Kraken,btc_eur,9103.3,1601890091.943633,9103.2,1.59617449,9103.3,0.93726796,9115.15466
Kraken,btc_eur,9103.3,1601890092.370621,9103.2,1.15025258,9103.3,0.77974238,9115.15452
Kraken,btc_eur,9103.3,1601890092.804299,9103.2,0.70177279,9103.3,0.9018026,9115.15438
Kraken,btc_eur,9103.3,1601890093.266874,9103.2,0.70177279,9103.3,0.87708205,9115.15422
Kraken,btc_eur,9103.3,1601890093.690645,9103.2,0.70177279,9103.3,0.8530661,9115.15406
Kraken,btc_eur,9103.3,1601890094.12556,9103.2,0.70177279,9103.3,0.84312888,9115.154
Kraken,btc_eur,9103.0,1601890094.556936,9103.0,0.05245521,9103.1,0.64334074,9115.15368
Kraken,btc_usd,10690.1,1601890096.863181,10690.0,0.46409053,10690.1,3.34654319,10692.45295
Kraken,btc_eur,9103.1,1601890101.955712,9103.0,0.05245521,9103.1,0.76334074,9115.14972
Kraken,btc_eur,9103.1,1601890109.658736,9103.0,0.05245521,9103.1,3.84091039,9115.14888
Kraken,btc_eur,9103.1,1601890111.079732,9103.0,0.05245521,9103.1,3.93592068,9115.14859
Kraken,btc_eur,9103.1,1601890115.253649,9103.0,0.05245521,9103.1,3.15552821,9115.14807
Kraken,btc_eur,9103.1,1601890115.863068,9103.0,0.75427803,9103.1,2.98658078,9115.14702
Kraken,eth_usd,351.57,1601890134.094588,351.57,1.96504058,351.58,147.00556421,352.65978
Kraken,btc_eur,9103.0,1601890140.769096,9103.0,0.00145521,9103.1,4.85398046,9115.14668
Kraken,btc_eur,9103.0,1601890140.781328,9101.0,0.70186846,9103.1,4.85398046,9115.14667
Kraken,btc_eur,9102.1,1601890143.218726,9102.0,0.7019452,9102.1,3.66485741,9115.14645
Kraken,btc_eur,9102.1,1601890143.644166,9102.0,0.7019452,9102.1,3.65175056,9115.14636
Kraken,btc_eur,9101.6,1601890143.731684,9101.6,0.00388158,9102.1,3.65175056,9115.13616
Kraken,btc_eur,9100.8,1601890145.189477,9099.7,0.9357612,9100.8,0.05052322,9115.13608
Kraken,btc_eur,9100.5,1601890148.888087,9100.4,0.70194977,9100.5,3.05698631,9115.13427
Kraken,btc_eur,9100.5,1601890156.755326,9100.4,1.16639126,9100.5,0.55136631,9115.13422
Kraken,btc_eur,9097.0,1601890164.245307,9097.0,0.08272493,9100.5,0.55136631,9115.05397
Kraken,btc_eur,9100.5,1601890171.72909,9100.4,1.0,9100.5,4.13468632,9115.05381
Kraken,btc_eur,9100.4,1601890174.191272,9098.1,0.70195206,9100.5,3.83275249,9115.04585
Kraken,btc_eur,9098.7,1601890185.42097,9097.2,1.20213437,9098.7,0.60155479,9115.04353
Kraken,eth_usd,351.57,1601890190.994043,351.36,1.6394994,351.58,105.18476589,352.65978
Kraken,btc_eur,9096.1,1601890194.829178,9096.0,1.22572987,9096.1,3.57994839,9115.04338
Kraken,btc_eur,9096.1,1601890195.752047,9096.0,1.22572987,9096.1,3.56930001,9115.04327
Kraken,btc_eur,9096.0,1601890196.366515,9096.0,1.19864258,9096.1,3.56930001,9115.04299
Kraken,btc_eur,9096.0,1601890204.704684,9096.0,1.12301795,9096.1,3.56930001,9115.04295
Kraken,btc_eur,9096.1,1601890210.639354,9096.0,1.12301795,9096.1,3.54759017,9115.04273
Kraken,btc_eur,9096.0,1601890211.345034,9096.0,1.11582594,9096.1,3.54759017,9115.04265
Kraken,btc_usd,10686.1,1601890212.277961,10686.1,0.002,10686.2,14.7253222,10692.45294
Kraken,btc_eur,9096.0,1601890212.733375,9096.0,3.40809371,9096.1,3.54759017,9115.04141
Kraken,btc_eur,9096.0,1601890213.086003,9096.0,1.35809371,9096.1,4.24987461,9115.02025
Kraken,btc_eur,9096.0,1601890213.108674,9095.8,0.04886031,9096.1,4.24987461,9115.00628
Kraken,btc_eur,9095.9,1601890213.892251,9095.8,0.04886031,9095.9,2.50248295,9115.00491
Kraken,btc_eur,9095.9,1601890214.725453,9095.8,0.04886031,9095.9,2.62943465,9115.00485
Kraken,btc_eur,9095.9,1601890214.880195,9095.8,0.04886031,9095.9,2.36208217,9115.00209
Kraken,btc_eur,9095.9,1601890215.154185,9095.8,0.04886031,9095.9,2.33553406,9115.00181
Kraken,btc_eur,9095.9,1601890215.33869,9095.8,0.04886031,9095.9,2.09901331,9114.99937
Kraken,btc_eur,9095.8,1601890215.373747,9095.8,0.00086031,9095.9,2.09901331,9114.99887
Kraken,btc_eur,9095.8,1601890215.448704,9095.0,0.00129813,9095.9,2.49901331,9114.99886
Kraken,btc_eur,9095.8,1601890215.578045,9095.0,0.00129813,9095.8,0.01365222,9114.99851
Kraken,btc_eur,9095.1,1601890216.00976,9095.0,0.70355273,9095.1,0.1821805,9114.99844
Kraken,btc_eur,9095.1,1601890216.84123,9095.0,0.70355273,9095.1,0.9539091,9114.99803
Kraken,btc_eur,9095.1,1601890217.266611,9095.0,0.70355273,9095.1,0.94147089,9114.99789
Kraken,btc_eur,9095.1,1601890217.706172,9095.0,0.70355273,9095.1,1.15100915,9114.99748
Kraken,btc_eur,9095.1,1601890218.134296,9095.0,1.20355273,9095.1,1.14144129,9114.99738
Kraken,btc_eur,9095.1,1601890218.572609,9095.0,1.20355273,9095.1,1.10316989,9114.99696
Kraken,btc_eur,9095.0,1601890219.006359,9095.0,1.16323579,9095.1,1.10316989,9114.99653
Kraken,btc_eur,9095.0,1601890219.451351,9095.0,0.97901608,9095.1,1.10316989,9114.99453
Kraken,btc_eur,9095.0,1601890219.868763,9095.0,0.37076868,9095.1,1.18928055,9114.99336
Kraken,btc_eur,9095.0,1601890222.828491,9094.6,0.73477568,9095.0,0.68596691,9114.99054
Kraken,eth_eur,299.29,1601890233.663355,299.29,10.9853441,299.3,94.63097049,300.15124
Kraken,btc_eur,9094.5,1601890241.69036,9094.2,0.70230259,9094.5,0.63616349,9114.99
Kraken,eth_eur,299.29,1601890244.213689,299.29,0.31511824,299.3,110.8124891,300.15068
Kraken,btc_eur,9095.0,1601890246.001681,9094.5,0.70226299,9095.1,0.28473,9114.98459
Kraken,eth_eur,299.29,1601890250.23609,299.29,0.01902849,299.3,94.63097049,300.15063
Kraken,btc_eur,9094.1,1601890251.902738,9094.0,0.01424554,9094.1,2.74073,9114.98409
Kraken,btc_eur,9094.1,1601890263.277124,9094.0,0.01424554,9094.1,3.05175164,9114.98399
Kraken,eth_eur,299.09,1601890267.030236,299.09,12.04406,299.1,4.32577861,300.14754
Kraken,btc_eur,9094.1,1601890268.679313,9094.0,1.21656709,9094.1,0.37254539,9114.98137
Kraken,eth_eur,299.09,1601890272.041703,299.09,30.06865535,299.1,8.17577861,300.14686
Kraken,btc_eur,9094.0,1601890272.828,9094.0,0.82905081,9094.1,0.45473,9114.97697
Kraken,btc_eur,9094.0,1601890278.95907,9094.0,0.32705081,9094.1,2.94213283,9114.97695
Kraken,btc_eur,9094.1,1601890282.026343,9094.0,0.82705081,9094.1,0.10862415,9114.97665
Kraken,btc_eur,9094.1,1601890293.901638,9094.0,0.32705081,9094.1,0.6296396,9114.9766
Kraken,btc_eur,9094.0,1601890294.507998,9094.0,0.07705081,9094.1,3.03473,9114.97376
Kraken,btc_eur,9093.8,1601890294.525546,9093.8,0.00169391,9094.1,3.03473,9114.95687
Kraken,btc_eur,9093.7,1601890294.765939,9093.3,0.0975559,9093.9,5.13073,9114.94612
Kraken,eth_eur,299.09,1601890295.242909,299.09,8.50903,299.1,39.44961734,300.14682
Kraken,eth_usd,351.36,1601890296.983285,351.06,4.85,351.37,209.25734332,352.65926
Kraken,eth_eur,299.09,1601890297.375841,299.09,5.16113341,299.1,77.60119583,300.14614
Kraken,btc_eur,9093.1,1601890297.866891,9093.0,0.14823456,9093.1,3.27850381,9114.94522
Kraken,btc_usd,10686.1,1601890298.924089,10679.6,0.025,10686.2,11.20567459,10692.45292
Kraken,eth_eur,299.09,1601890299.492445,299.09,0.03143496,299.1,77.60119583,300.14509
Kraken,btc_usd,10679.3,1601890299.906264,10679.2,1.1146641,10679.3,4.3769293,10692.45252
Kraken,btc_eur,9092.6,1601890302.842744,9092.6,0.00710334,9093.1,3.35528562,9114.94296
Kraken,btc_eur,9092.0,1601890303.347887,9091.0,0.93763812,9092.7,3.35528562,9114.94285
Kraken,btc_eur,9091.0,1601890306.449614,9091.0,0.83763812,9091.1,2.6297903,9114.94156
Kraken,btc_eur,9091.0,1601890306.469912,9091.0,0.82663812,9091.1,2.6297903,9114.94142
Kraken,btc_eur,9091.1,1601890306.564127,9091.0,0.82663812,9091.1,2.56271128,9114.94055
Kraken,btc_eur,9091.0,1601890307.785319,9091.0,0.55663812,9091.1,3.26973,9114.93706
Kraken,btc_eur,9091.8,1601890315.708707,9091.8,2.68040269,9093.0,50.0,9114.93679
Kraken,btc_eur,9092.6,1601890317.851055,9092.4,0.70238622,9092.6,1.984,9114.9366
Kraken,btc_eur,9091.1,1601890323.657552,9091.0,1.33723591,9091.1,0.29350521,9114.93581
Kraken,btc_eur,9094.2,1601890324.272945,9091.6,0.4,9094.2,0.07950506,9114.93556
Kraken,btc_eur,9094.2,1601890324.719523,9091.6,0.4,9094.2,0.07481007,9114.93551
Kraken,btc_eur,9092.6,1601890325.061674,9092.6,0.4750683,9094.2,0.07481007,9114.93277
Kraken,btc_eur,9094.2,1601890325.164955,9091.6,0.4,9094.2,0.05381341,9114.93253
Kraken,btc_eur,9094.2,1601890325.597339,9092.7,0.70242873,9094.2,0.02932265,9114.93226
Kraken,btc_usd,10679.3,1601890332.633122,10679.3,2.99760939,10679.4,0.55332597,10692.45054
Kraken,eth_usd,351.22,1601890333.194297,351.21,6.38312791,351.22,1.91783308,352.65925
Kraken,btc_eur,9093.7,1601890334.155222,9092.7,0.70242873,9093.7,0.21,9114.93169
Kraken,eth_usd,351.22,1601890342.046491,351.21,1.92312791,351.22,23.25106668,352.65924
Kraken,btc_eur,9092.7,1601890346.261967,9092.7,0.69119169,9092.8,0.5,9114.93155
Kraken,eth_usd,351.22,1601890353.641923,351.21,1.92312791,351.22,23.22677349,352.65924
Kraken,btc_eur,9092.6,1601890355.3137,9092.5,0.7024392,9092.6,0.96279114,9114.93129
Kraken,eth_usd,351.22,1601890355.807163,351.21,1.92312791,351.22,23.20595076,352.65923
Kraken,eth_usd,351.22,1601890357.204007,351.21,1.92312791,351.22,23.14081731,352.65922
Kraken,btc_usd,10679.2,1601890359.428402,10679.2,1.1097641,10679.3,3.98378706,10692.45045
Kraken,btc_eur,9092.5,1601890360.179658,9092.5,0.3624392,9092.6,0.61279114,9114.92717
Kraken,btc_eur,9092.5,1601890360.31282,9092.5,0.3424392,9092.6,2.61279114,9114.92693
Kraken,btc_eur,9092.5,1601890360.320815,9092.3,0.70252751,9092.6,2.61279114,9114.92279
Kraken,btc_eur,9092.0,1601890362.05703,9091.9,0.70249722,9092.0,0.63152282,9114.92275
Kraken,btc_eur,9092.0,1601890364.012701,9091.9,0.70249722,9092.0,0.603771,9114.92236
Kraken,btc_usd,10679.3,1601890369.526338,10679.2,3.1097641,10679.3,3.4956886,10692.45034
Kraken,btc_usd,10679.3,1601890374.26985,10679.2,3.55550024,10679.3,1.14226871,10692.44987
Kraken,eth_usd,351.3,1601890375.285192,351.21,56.43595375,351.3,46.7817141,352.65843
Kraken,btc_usd,10679.4,1601890378.944503,10679.2,7.97572989,10679.4,5.03962783,10692.4495
Kraken,btc_eur,9094.0,1601890379.248639,9093.9,3.88546179,9094.0,0.04639136,9114.92213
Kraken,eth_eur,299.29,1601890381.891418,299.15,53.32442703,299.29,6.335,300.14503
Kraken,eth_eur,299.22,1601890383.407915,299.15,30.0,299.22,21.19955293,300.145
Kraken,btc_eur,9093.9,1601890388.455488,9093.9,5.54083055,9094.0,0.04639136,9114.92211
Kraken,btc_eur,9097.0,1601890389.896238,9093.9,7.04083055,9097.0,0.1169964,9114.92051
Kraken,btc_eur,9097.8,1601890391.350184,9096.3,0.03628741,9097.8,0.39946458,9114.92027
Kraken,btc_eur,9096.2,1601890394.428143,9096.2,0.32500982,9096.4,0.28116899,9114.90741
Kraken,btc_eur,9096.2,1601890397.427245,9096.2,0.00500982,9096.3,2.93473,9114.90419
Kraken,btc_eur,9095.8,1601890403.573307,9095.8,0.57721185,9096.3,2.93473,9114.90285
Kraken,btc_eur,9095.4,1601890406.668588,9095.4,0.005,9095.5,0.5,9114.90106
Kraken,eth_usd,351.37,1601890410.692975,351.36,201.98428706,351.37,5.12856618,352.65842
Kraken,btc_eur,9094.6,1601890415.399631,9094.5,0.18359167,9094.6,0.47803648,9114.90082
Kraken,btc_eur,9094.6,1601890415.408734,9094.5,0.18359167,9094.6,0.45659519,9114.90059
Kraken,btc_usd,10679.4,1601890429.722109,10679.3,8.84408051,10679.4,4.99388583,10692.44945
Kraken,btc_eur,9096.1,1601890431.213954,9095.6,0.70215306,9096.2,2.0181437,9114.88803
Kraken,btc_eur,9095.0,1601890435.611071,9095.0,0.68724049,9095.1,0.5,9114.88787
Kraken,btc_usd,10679.3,1601890440.113136,10679.3,8.1362424,10679.4,5.02839783,10692.44943
Kraken,eth_eur,299.41,1601890444.047848,299.41,52.42442703,299.45,1.61814929,300.14498
Kraken,btc_usd,10679.3,1601890452.956001,10679.3,7.74951476,10679.4,5.02947183,10692.44868
Kraken,btc_eur,9095.3,1601890453.313955,9095.2,0.79973819,9095.3,2.49201171,9114.8876
Kraken,btc_eur,9095.3,1601890456.57989,9095.2,0.09757293,9095.3,2.39351171,9114.88656
Kraken,btc_eur,9095.2,1601890459.475126,9095.2,0.09557293,9095.3,2.7631437,9114.88654
Kraken,btc_usd,10679.3,1601890462.830432,10679.3,8.16833096,10679.4,5.92447183,10692.44753
Kraken,btc_eur,9095.3,1601890464.615462,9095.2,0.09557293,9095.3,0.7396903,9114.88648
Kraken,btc_eur,9097.5,1601890479.863272,9096.7,0.01814371,9097.5,0.35138,9114.88602
Kraken,eth_eur,299.47,1601890481.966261,299.46,48.07442703,299.47,4.90724354,300.14497
Kraken,eth_usd,351.37,1601890482.122063,351.36,221.18428706,351.37,5.03580972,352.65841
Kraken,btc_eur,9096.6,1601890485.071186,9096.6,0.00020183,9096.9,0.72,9114.87894
Kraken,btc_eur,9095.7,1601890486.48099,9095.7,2.04250477,9096.7,0.86906175,9114.8777
Kraken,btc_eur,9096.9,1601890489.596984,9096.8,0.13473,9096.9,0.17036221,9114.87239
Kraken,btc_eur,9097.2,1601890495.66034,9097.1,0.13473,9097.2,0.25758767,9114.87212
Kraken,btc_eur,9097.2,1601890495.668465,9097.1,0.13473,9097.2,0.23458145,9114.87191
Kraken,btc_eur,9097.1,1601890496.10318,9097.1,0.07749033,9097.2,0.23458145,9114.87136
Kraken,btc_eur,9095.6,1601890500.006463,9095.5,0.544,9095.6,1.53628741,9114.861
Kraken,btc_eur,9095.5,1601890501.782171,9095.5,0.004,9095.6,2.59628741,9114.85537
Kraken,btc_eur,9095.6,1601890506.79754,9095.5,0.004,9095.6,2.69753017,9114.85503
Kraken,btc_eur,9095.6,1601890510.747734,9095.5,0.004,9095.6,2.94776594,9114.85348
Kraken,btc_eur,9095.5,1601890512.314099,9094.7,0.04886032,9095.6,2.94776594,9114.85344
Kraken,btc_eur,9094.8,1601890517.709671,9094.7,0.75101775,9094.8,1.02461203,9114.8532
Kraken,btc_eur,9094.8,1601890518.90268,9094.7,0.75101775,9094.8,1.01228357,9114.85307
Kraken,btc_usd,10679.4,1601890530.422982,10679.3,8.77430659,10679.4,0.810821,10692.44751
Kraken,btc_eur,9094.8,1601890532.756786,9094.7,0.04886032,9094.8,2.8260763,9114.85106
Kraken,btc_eur,9094.8,1601890537.175156,9094.7,0.68359032,9094.8,0.18978889,9114.8446
Kraken,eth_usd,351.37,1601890537.528979,351.36,199.61428706,351.52,4.95,352.6584
Kraken,eth_eur,299.42,1601890541.441859,299.41,47.82155,299.42,20.94051502,300.14475
Kraken,btc_usd,10679.4,1601890545.842369,10679.3,10.0022177,10679.4,0.04960176,10692.4472
Kraken,btc_eur,9095.1,1601890546.014039,9095.1,0.62101419,9095.2,7.996,9114.84445
Kraken,btc_eur,9095.2,1601890546.306907,9095.1,0.96101419,9095.2,7.84921928,9114.8429
Kraken,btc_usd,10679.3,1601890552.499876,10679.3,7.63321699,10679.4,0.47684276,10692.43404
Kraken,btc_eur,9095.1,1601890566.151769,9095.1,0.83808305,9095.2,7.84921928,9114.8416
Kraken,btc_eur,9095.1,1601890569.958875,9095.1,0.80386593,9095.2,9.88550669,9114.84124
Kraken,btc_eur,9095.2,1601890576.727186,9095.1,0.80386593,9095.2,7.84372156,9114.84118
Kraken,btc_eur,9095.2,1601890576.746701,9095.1,0.80386593,9095.2,7.8264627,9114.841
Kraken,btc_eur,9095.2,1601890577.713633,9095.1,0.80386593,9095.2,7.8244627,9114.84098
Kraken,btc_eur,9095.2,1601890583.602673,9095.1,0.97473,9095.2,7.81993546,9114.84093
Kraken,btc_usd,10679.4,1601890584.026388,10679.3,13.51112932,10679.4,0.25802689,10692.43368
Kraken,btc_usd,10679.4,1601890584.037525,10679.3,13.57595983,10679.4,0.23916001,10692.43331
Kraken,btc_usd,10679.4,1601890585.045724,10679.3,11.44361496,10679.4,0.22887243,10692.43311
Kraken,btc_eur,9095.2,1601890585.066699,9095.1,6.17656225,9095.2,7.77503546,9114.84045
Kraken,eth_usd,351.58,1601890585.135899,351.57,177.07151527,351.58,7.266,352.65835
Kraken,eth_usd,351.58,1601890585.168035,351.57,177.07151527,351.58,6.866,352.6583
Kraken,eth_usd,351.58,1601890585.16852,351.57,177.07151527,351.58,6.706,352.65829
Kraken,eth_usd,351.58,1601890585.174564,351.57,177.07151527,351.58,4.70362923,352.65804
Kraken,eth_usd,351.58,1601890585.178059,351.57,177.07151527,351.6,3.5,352.65746
Kraken,btc_eur,9095.2,1601890585.555989,9095.1,6.77656225,9095.2,7.77114568,9114.84041
Kraken,btc_eur,9095.2,1601890585.995784,9095.1,6.77656225,9095.2,7.76251689,9114.84032
Kraken,btc_eur,9095.2,1601890590.977528,9095.1,6.99646087,9095.2,7.73755184,9114.84006
Kraken,eth_usd,351.6,1601890590.97792,351.59,192.38960351,351.6,2.01649757,352.65728
Kraken,eth_usd,351.6,1601890590.978266,351.59,192.38960351,351.69,2.0,352.65704
Kraken,btc_eur,9095.1,1601890590.978613,9095.1,7.88182183,9095.2,7.73755184,9114.83884
Kraken,btc_eur,9095.1,1601890590.978965,9095.1,7.86516683,9095.2,7.73755184,9114.83867
Kraken,eth_usd,351.69,1601890590.979333,351.64,21.90296746,351.93,0.34217988,352.65682
Kraken,btc_eur,9095.2,1601890590.97974,9095.1,7.86516683,9095.2,7.68870004,9114.83815
Kraken,btc_usd,10679.4,1601890590.980103,10679.3,13.24361496,10679.4,0.02487835,10692.42911
Kraken,btc_eur,9095.1,1601890590.980466,9095.1,8.30285083,9095.2,7.68870004,9114.83778
Kraken,btc_eur,9095.1,1601890590.980826,9095.1,8.26285808,9095.2,7.68870004,9114.83736
Kraken,btc_usd,10679.4,1601890590.981189,10679.3,15.89361496,10679.5,0.435399,10692.42862
Kraken,btc_usd,10679.6,1601890590.981554,10679.4,10.3789707,10679.6,0.874603,10692.41892
Kraken,btc_eur,9095.2,1601890590.981914,9095.1,7.46913585,9095.2,7.63984774,9114.83684
Kraken,btc_eur,9095.2,1601890590.982273,9095.1,7.61533585,9095.2,7.59099594,9114.83633
Kraken,btc_eur,9095.2,1601890591.304395,9095.1,8.61533585,9095.2,7.58500594,9114.83626
Kraken,btc_eur,9095.2,1601890593.578917,9095.1,9.54098938,9095.2,7.58220004,9114.83623
Kraken,btc_usd,10687.6,1601890594.524423,10687.6,1.69204306,10690.0,0.06128997,10692.39008
Kraken,btc_eur,9095.1,1601890595.540082,9095.1,9.08198938,9095.2,7.58220004,9114.83561
Kraken,btc_eur,9095.2,1601890602.301342,9095.1,11.55582908,9095.2,7.56037404,9114.83538
Kraken,btc_eur,9095.2,1601890606.905486,9095.1,11.55582908,9095.2,7.52393104,9114.83499
Kraken,btc_eur,9095.2,1601890613.198981,9095.1,10.83505203,9095.2,12.512309,9114.83487
Kraken,btc_eur,9095.2,1601890615.048169,9095.1,10.83505203,9095.2,12.495279,9114.83469
Kraken,btc_eur,9095.2,1601890619.283978,9095.1,9.98885203,9095.2,12.08979336,9114.82582
Kraken,eth_eur,299.64,1601890622.274021,299.63,37.49,299.64,6.38669349,300.14473
Kraken,btc_eur,9095.2,1601890623.610728,9095.1,9.0631985,9095.2,12.0484691,9114.82577
Kraken,eth_eur,299.65,1601890624.317737,299.64,17.035,299.65,2.75463167,300.14463
Kraken,btc_usd,10690.0,1601890624.570613,10689.9,0.07115968,10690.0,2.81960357,10692.3889
Kraken,btc_eur,9095.2,1601890624.624052,9095.1,9.0631985,9095.2,11.63021401,9114.82557
Kraken,btc_eur,9095.2,1601890627.84713,9095.1,10.0631985,9095.2,11.56913892,9114.82493
Kraken,btc_eur,9095.2,1601890631.932589,9095.1,8.217961,9095.2,11.53541021,9114.82458
Kraken,btc_eur,9095.2,1601890636.872599,9095.1,8.217961,9095.2,10.40588151,9114.81269
Kraken,btc_eur,9095.2,1601890639.727166,9095.1,8.321241,9095.2,10.35525951,9114.81215
Kraken,eth_usd,351.9,1601890643.140289,351.89,95.87307531,351.9,3.18653772,352.65679
Kraken,btc_eur,9095.2,1601890644.065455,9095.1,8.217961,9095.2,9.51222315,9114.80329
Kraken,eth_usd,351.89,1601890654.073802,351.89,71.02980335,351.9,3.18653772,352.65461
Kraken,btc_eur,9095.1,1601890661.994331,9095.1,9.43629834,9095.2,9.51222315,9114.80128
Kraken,btc_eur,9095.2,1601890662.809883,9095.1,9.518411,9095.2,9.47922315,9114.80093
Kraken,eth_eur,299.65,1601890668.827066,299.64,67.32747893,299.66,0.19495,300.14448
Kraken,btc_eur,9095.1,1601890669.219986,9095.1,9.2534546,9095.2,9.47922315,9114.79699
Kraken,btc_eur,9095.2,1601890671.581446,9095.1,9.43298493,9095.2,9.1054119,9114.79307
Kraken,btc_eur,9095.2,1601890674.194208,9095.1,10.43298493,9095.2,9.08467689,9114.79285
Kraken,btc_eur,9095.2,1601890675.637793,9095.1,10.43298493,9095.2,9.06464063,9114.79264
Kraken,btc_eur,9095.2,1601890676.078345,9095.1,10.43298493,9095.2,9.04198699,9114.7924
Kraken,btc_eur,9095.2,1601890677.044246,9095.1,10.43298493,9095.2,8.66817574,9114.78848
Kraken,btc_usd,10689.5,1601890679.399268,10689.5,0.47470983,10690.0,2.32428679,10692.38506
Kraken,btc_eur,9095.2,1601890683.169535,9095.1,9.03298493,9095.2,8.64473413,9114.78823
Kraken,btc_eur,9095.2,1601890688.260799,9095.1,9.03298493,9095.2,8.8023031,9114.78531
Kraken,eth_usd,351.9,1601890691.551259,351.89,252.68007201,351.9,1.70413065,352.65449
Kraken,eth_usd,351.9,1601890691.571452,351.89,252.68007201,352.22,5.0,352.65434
Kraken,eth_eur,299.66,1601890691.652339,299.65,184.25196355,299.66,0.03495,300.14447
Kraken,eth_eur,299.69,1601890691.664152,299.65,184.25196355,299.69,169.0252457,300.14431
Kraken,eth_eur,299.69,1601890691.680978,299.65,184.25196355,299.69,168.7252457,300.14428
Kraken,eth_eur,299.69,1601890691.696383,299.65,184.25196355,299.69,168.5652457,300.14427
Kraken,eth_eur,299.69,1601890691.6969,299.65,184.25196355,299.69,168.2652457,300.14424
Kraken,eth_eur,299.69,1601890691.712827,299.65,184.25196355,299.69,168.0092457,300.14422
Kraken,eth_eur,299.69,1601890691.72295,299.65,184.25196355,299.69,165.6092457,300.14401
Kraken,eth_eur,299.69,1601890691.733408,299.65,184.25196355,299.69,165.5652457,300.14401
Kraken,eth_eur,299.69,1601890691.741272,299.65,184.25196355,299.69,164.0832595,300.14388
Kraken,eth_eur,299.69,1601890691.743312,299.65,184.25196355,299.69,163.7832595,300.14385
Kraken,eth_eur,299.69,1601890691.768176,299.65,184.25196355,299.69,163.4312595,300.14382
Kraken,eth_eur,299.69,1601890691.778928,299.65,158.85048417,299.69,163.1312595,300.14379
Kraken,eth_eur,299.69,1601890691.790586,299.65,158.85048417,299.69,158.68530089,300.1434
Kraken,eth_eur,299.69,1601890691.860869,299.66,129.46856707,299.69,158.28530089,300.14337
Kraken,eth_eur,299.69,1601890691.867194,299.66,129.46856707,299.69,156.16433747,300.14318
Kraken,eth_usd,352.2,1601890692.0939,352.2,18.40296746,352.25,0.45600884,352.65416
Kraken,eth_eur,299.69,1601890695.849633,299.68,238.2830079,299.69,155.3253009,300.14311
Kraken,eth_eur,299.69,1601890704.987562,299.68,304.13597853,299.69,155.1653009,300.1431
Kraken,btc_eur,9095.2,1601890706.289785,9095.1,10.46548493,9095.2,8.35900019,9114.78523
Kraken,eth_eur,299.69,1601890707.753048,299.68,327.53745791,299.69,154.9288009,300.14307
Kraken,eth_eur,299.69,1601890707.838316,299.68,332.48745791,299.69,99.7635009,300.13831
Kraken,eth_eur,299.69,1601890707.848163,299.68,332.48745791,299.7,0.23651129,300.12994
Kraken,eth_eur,299.93,1601890708.048675,299.69,37.93742849,299.93,1.17966646,300.12976
Kraken,btc_eur,9095.2,1601890709.50129,9095.1,12.42451493,9095.2,8.33969302,9114.78503
Kraken,btc_eur,9095.2,1601890710.444644,9095.1,12.39201493,9095.2,8.70758126,9114.78469
Kraken,btc_usd,10690.0,1601890710.576881,10690.0,3.09160662,10690.1,0.6,10692.38495
Kraken,btc_eur,9095.2,1601890723.388445,9095.1,12.79201493,9095.2,8.3018821,9114.78463
Kraken,btc_eur,9095.2,1601890729.288063,9095.1,12.79201493,9095.2,8.6925281,9114.78454
Kraken,btc_eur,9095.2,1601890741.912371,9095.1,11.39904217,9095.2,8.24445976,9114.78403
Kraken,eth_eur,299.88,1601890742.386549,299.88,14.65562975,299.91,2.98783,300.12629
Kraken,btc_eur,9095.2,1601890743.295768,9095.1,11.39904217,9095.2,8.23765976,9114.78396
Kraken,btc_eur,9095.2,1601890745.689546,9095.1,11.39904217,9095.2,8.21921835,9114.78377
Kraken,btc_eur,9095.1,1601890750.828633,9095.1,11.78142617,9095.2,8.21921835,9114.78358
Kraken,btc_eur,9095.2,1601890756.591609,9095.1,11.78142617,9095.2,8.27970031,9114.78254
Kraken,btc_eur,9095.1,1601890756.618355,9095.1,11.77911713,9095.2,8.27970031,9114.78251
Kraken,btc_eur,9095.2,1601890760.629854,9095.1,11.77911713,9095.2,8.27750706,9114.78249
Kraken,btc_eur,9095.1,1601890760.79642,9095.1,10.68730731,9095.2,8.27750706,9114.77099
Kraken,btc_eur,9095.2,1601890763.856741,9095.1,10.85817138,9095.2,8.29040947,9114.77074
Kraken,btc_eur,9095.1,1601890765.074151,9095.1,4.75395896,9095.2,8.29040947,9114.70668
Kraken,btc_eur,9095.2,1601890766.236631,9095.1,5.9890797,9095.2,8.20971535,9114.70584
Kraken,btc_eur,9095.2,1601890776.870134,9095.1,8.5890797,9095.2,9.09425794,9114.70481
Kraken,btc_usd,10690.1,1601890777.263553,10690.0,4.55538204,10690.1,0.09652738,10692.38494
Kraken,btc_eur,9095.2,1601890778.869214,9095.1,8.5890797,9095.2,9.07554994,9114.70461
Kraken,btc_usd,10690.0,1601890782.021164,10690.0,4.05538204,10690.1,0.09652738,10692.38316
Kraken,btc_eur,9095.2,1601890785.393759,9095.1,7.5890797,9095.2,9.10746132,9114.70457
Kraken,btc_eur,9095.2,1601890788.49379,9095.1,7.5890797,9095.2,9.08789681,9114.70436
Kraken,btc_eur,9095.2,1601890788.988676,9095.1,7.5890797,9095.2,9.06514516,9114.70412
Kraken,btc_eur,9095.2,1601890789.410276,9095.1,7.5890797,9095.2,9.04424346,9114.70391
Kraken,btc_eur,9095.2,1601890789.84375,9095.1,7.5890797,9095.2,9.0190487,9114.70365
Kraken,btc_eur,9095.2,1601890796.301154,9095.1,7.5890797,9095.2,8.9851339,9114.70329
Kraken,btc_eur,9095.1,1601890802.256634,9095.1,7.4300797,9095.2,8.9851339,9114.70163
Kraken,btc_eur,9095.1,1601890803.681996,9095.1,6.79338981,9095.2,9.8851339,9114.70152
Kraken,btc_eur,9095.2,1601890803.926712,9095.1,3.59338981,9095.2,9.86013223,9114.70126
Kraken,btc_eur,9095.2,1601890804.789752,9095.1,2.59043172,9095.2,10.53971058,9114.69624
Kraken,btc_usd,10689.6,1601890807.041083,10689.5,0.02499929,10689.6,4.99516923,10692.38314
Kraken,btc_eur,9095.2,1601890809.236065,9095.1,3.59043172,9095.2,10.66394058,9114.69613
Kraken,btc_eur,9095.1,1601890810.206555,9095.1,3.58473172,9095.2,10.66394058,9114.69607
Kraken,btc_eur,9095.2,1601890813.725259,9095.1,5.58473172,9095.2,9.04456657,9114.69586
Kraken,btc_eur,9095.1,1601890815.661287,9095.1,5.50794499,9095.2,9.04456657,9114.69505
Kraken,btc_eur,9099.4,1601890820.316343,9095.1,6.49253148,9099.4,1.06984657,9114.57154
Kraken,btc_eur,9097.9,1601890827.684161,9097.8,1.67958649,9097.9,0.32963432,9114.57142
Kraken,btc_eur,9097.9,1601890834.58261,9097.8,1.67958649,9097.9,0.62923423,9114.57137
Kraken,eth_eur,299.77,1601890841.288589,299.76,32.16822355,299.77,21.41819365,300.12622
Kraken,btc_eur,9097.8,1601890842.572974,9097.8,1.61592166,9097.9,0.63473,9114.57081
Kraken,eth_eur,299.77,1601890858.508418,299.77,34.12317854,299.92,30.0,300.12547
Kraken,btc_eur,9099.7,1601890860.340168,9099.7,1.518548,9099.8,0.34830694,9114.57079
Kraken,btc_eur,9099.8,1601890863.936078,9099.7,2.43946966,9099.8,0.05614632,9114.57041
Kraken,btc_eur,9099.8,1601890864.27931,9099.7,2.43946966,9099.8,0.02476274,9114.57016
Kraken,btc_usd,10689.5,1601890866.444706,10689.5,3.81546043,10689.6,0.775,10692.38312
Kraken,btc_eur,9099.7,1601890871.255522,9099.7,5.13122748,9099.8,0.02476274,9114.57009
Kraken,eth_eur,299.75,1601890876.429553,299.74,2.16798592,299.75,21.92511728,300.12543
Kraken,btc_eur,9099.8,1601890877.624923,9099.7,3.13122748,9099.8,0.02276274,9114.57007
Kraken,btc_eur,9099.8,1601890880.044707,9099.7,3.13122748,9099.8,0.15326082,9114.57004
Kraken,btc_eur,9099.8,1601890880.488802,9099.7,3.13122748,9099.8,0.13157878,9114.56987
Kraken,btc_eur,9099.7,1601890880.914229,9099.7,3.08660903,9099.8,0.13157878,9114.56952
Kraken,btc_eur,9099.7,1601890881.351531,9099.7,2.88341312,9099.8,0.13157878,9114.56792
Kraken,btc_eur,9099.7,1601890881.824452,9099.7,2.80193645,9099.8,0.13157878,9114.56727
Kraken,btc_eur,9099.7,1601890882.02979,9099.7,2.74789665,9099.8,0.13157878,9114.56685
Kraken,btc_eur,9099.8,1601890883.460471,9099.7,2.74789665,9099.8,0.07839878,9114.56643
Kraken,btc_eur,9099.8,1601890885.991096,9099.7,1.62262328,9099.8,0.58922583,9114.56641
Kraken,btc_eur,9099.7,1601890889.431803,9099.7,1.24881203,9099.8,0.8982593,9114.56347
Kraken,btc_eur,9099.8,1601890897.181942,9099.7,1.24883915,9099.8,2.78877535,9114.56262
Kraken,btc_eur,9099.8,1601890898.780168,9099.7,1.45122169,9099.8,0.67970066,9114.56251
Kraken,btc_eur,9099.8,1601890900.567943,9099.7,1.45122169,9099.8,0.43197866,9114.56057
Kraken,btc_eur,9099.8,1601890902.03681,9099.7,1.45122169,9099.8,0.43004066,9114.56056
Kraken,btc_eur,9099.8,1601890915.368192,9099.7,1.24883915,9099.8,2.40452028,9114.55993
Kraken,btc_eur,9099.8,1601890920.950509,9099.7,1.24883915,9099.8,2.83181585,9114.55934
Kraken,btc_eur,9099.8,1601890924.020137,9099.7,0.54711041,9099.8,3.27844024,9114.55886
Kraken,btc_usd,10689.6,1601890925.662986,10689.5,0.02069929,10689.6,6.54256613,10692.38283
Kraken,btc_eur,9099.8,1601890926.962551,9099.7,0.54711041,9099.8,4.31103057,9114.55843
Kraken,btc_eur,9099.7,1601890937.695511,9097.6,0.701912,9099.8,3.8897545,9114.55413
Kraken,btc_eur,9097.7,1601890948.154118,9097.6,0.701912,9097.7,1.76601708,9114.55409
Kraken,btc_eur,9100.8,1601890951.294317,9098.5,2.06961335,9100.8,0.01050326,9114.55392
Kraken,btc_eur,9100.2,1601890955.847769,9100.2,0.69535921,9100.3,0.15687525,9114.55387
Kraken,btc_eur,9100.1,1601890965.455596,9100.1,0.70058861,9100.2,2.52504249,9114.55386
Kraken,btc_eur,9099.6,1601890968.82556,9099.6,0.67801186,9099.7,0.43084505,9114.55367
Kraken,btc_eur,9098.8,1601890973.544694,9098.7,0.70180869,9098.8,0.36962569,9114.55352
Kraken,btc_eur,9099.2,1601890975.18728,9098.7,1.20180869,9099.2,1.57164525,9114.54527
Kraken,btc_eur,9101.1,1601890977.915916,9099.9,0.70179205,9101.1,0.36109056,9114.5451
Kraken,btc_eur,9101.5,1601890978.347244,9100.0,0.845,9101.5,0.7731199,9114.54492
Kraken,btc_eur,9101.5,1601890978.380214,9100.0,0.845,9101.5,0.76376245,9114.54485
Kraken,btc_eur,9101.5,1601890978.773251,9100.0,0.845,9101.5,0.73477497,9114.54465
Kraken,btc_eur,9101.5,1601890979.24329,9099.9,0.70179205,9101.5,0.7127444,9114.5445
Kraken,btc_eur,9099.4,1601890982.264665,9099.4,0.6018026,9099.5,0.45473,9114.5437
Kraken,eth_eur,299.66,1601890983.393682,299.65,43.43916614,299.66,60.02897822,300.12537
Kraken,btc_eur,9099.5,1601890983.736551,9099.4,0.6018026,9099.5,0.44705037,9114.54364
Kraken,btc_eur,9098.2,1601890986.390416,9098.2,0.36432091,9099.5,0.45473,9114.52806
Kraken,btc_eur,9099.4,1601890987.130547,9098.2,0.36432091,9099.9,2.0,9114.52422
Kraken,eth_eur,299.66,1601890990.570473,299.65,43.43916614,299.66,56.25725822,300.12537
Kraken,btc_eur,9099.9,1601890990.624997,9099.8,1.97117737,9099.9,3.29601887,9114.52399
Kraken,eth_eur,299.66,1601890992.092981,299.65,43.43916614,299.66,58.47398476,300.12524
Kraken,eth_eur,299.66,1601890992.659391,299.65,43.43916614,299.66,58.16058476,300.12521
Kraken,btc_eur,9099.9,1601890996.687967,9099.8,2.67303776,9099.9,3.35473,9114.52384
Kraken,btc_eur,9099.9,1601890996.793617,9099.8,2.67303776,9099.9,3.34813788,9114.52379
Kraken,btc_eur,9099.9,1601890997.961149,9099.8,2.67303776,9099.9,3.37210614,9114.52377
Kraken,btc_eur,9099.9,1601890999.545308,9099.8,2.67303776,9099.9,3.27623,9114.52301
Kraken,eth_eur,299.65,1601891003.405096,299.65,42.99916614,299.66,58.16058476,300.12518
Kraken,btc_eur,9099.9,1601891009.225808,9099.8,2.70378886,9099.9,2.68521382,9114.52094
Kraken,btc_eur,9099.9,1601891015.164038,9099.8,2.67303776,9099.9,2.63726631,9114.52092
Kraken,btc_eur,9099.9,1601891015.866634,9099.8,2.67303776,9099.9,2.61667262,9114.52076
Kraken,btc_eur,9099.9,1601891024.445383,9099.8,2.67623776,9099.9,2.11686262,9114.5169
Kraken,btc_eur,9099.9,1601891029.417728,9099.8,2.67623776,9099.9,1.99594908,9114.51575
Kraken,btc_eur,9099.9,1601891031.484766,9099.8,2.67623776,9099.9,1.45957336,9114.50744
Kraken,btc_eur,9101.0,1601891037.100932,9099.8,2.86123776,9101.0,0.58512526,9114.50234
Kraken,btc_eur,9100.5,1601891050.431878,9100.4,0.70190582,9100.5,3.24450053,9114.50232
Kraken,btc_eur,9100.5,1601891060.496845,9100.4,1.37690582,9100.5,2.37704053,9114.50154
Kraken,btc_usd,10689.6,1601891060.746966,10689.5,0.02169929,10689.6,5.9982936,10692.38206
Kraken,btc_eur,9100.3,1601891064.130169,9099.8,2.67623776,9100.5,0.37704053,9114.48606
Kraken,btc_eur,9099.9,1601891065.341895,9099.8,2.67623776,9099.9,0.57110176,9114.48596
Kraken,btc_eur,9099.9,1601891068.424327,9099.8,2.67623776,9099.9,0.20975266,9114.4858
Kraken,btc_eur,9099.9,1601891069.058685,9099.8,2.67623776,9099.9,0.18953132,9114.48565
Kraken,btc_eur,9099.9,1601891069.492684,9099.8,2.67623776,9099.9,0.16159934,9114.48543
Kraken,btc_eur,9099.8,1601891069.922391,9099.8,2.62181573,9099.9,0.16159934,9114.48501
Kraken,btc_eur,9099.8,1601891070.38459,9099.8,2.50091387,9099.9,0.16159934,9114.48407
Kraken,btc_eur,9099.7,1601891077.50351,9099.8,0.00428835,9101.6,0.96402633,9114.45496
Kraken,btc_eur,9099.4,1601891087.933024,9099.3,0.70191272,9099.4,51.97579742,9114.45348
Kraken,btc_eur,9099.4,1601891098.379694,9099.3,0.70191272,9099.4,1.244687,9114.4534
Kraken,btc_eur,9099.3,1601891102.749832,9099.3,2.64781272,9099.4,0.489687,9114.45266
Kraken,btc_eur,9099.4,1601891103.781008,9099.3,2.60891272,9099.4,0.48068978,9114.45259
Kraken,btc_eur,9099.4,1601891105.595107,9099.3,0.60891272,9099.4,0.91314978,9114.45257
Kraken,btc_eur,9099.4,1601891105.921421,9099.3,0.60891272,9099.4,0.04841757,9114.44573
Kraken,btc_eur,9099.3,1601891106.748614,9099.3,2.57391272,9099.4,0.04841757,9114.44546
Kraken,btc_eur,9100.2,1601891109.920058,9099.7,2.70189865,9100.2,55.06617578,9114.44538
Kraken,btc_eur,9100.2,1601891110.45497,9099.8,0.785,9100.2,55.063705,9114.44536
Kraken,btc_eur,9100.2,1601891113.060524,9100.1,0.10071,9100.2,55.0427142,9114.44521
Kraken,btc_eur,9100.3,1601891120.609772,9100.2,0.9331581,9100.3,54.5775,9114.44446
Kraken,btc_eur,9100.3,1601891122.35855,9100.2,0.89687069,9100.3,54.68611902,9114.44428
Kraken,btc_eur,9100.2,1601891125.329778,9100.2,0.89313908,9100.3,55.08611902,9114.44425
Kraken,btc_eur,9100.3,1601891128.562453,9100.2,0.92942649,9100.3,2.5188263,9114.44414
Kraken,btc_eur,9100.3,1601891132.424808,9100.2,2.92942649,9100.3,0.10785082,9114.44406
Kraken,btc_eur,9100.3,1601891138.315719,9100.2,2.92942649,9100.3,0.08759382,9114.44391
Kraken,btc_eur,9101.2,1601891143.556082,9101.1,2.67628741,9101.2,0.49,9114.44384
Kraken,btc_eur,9101.1,1601891148.627667,9101.1,2.76236696,9101.2,0.49,9114.4435
Kraken,btc_usd,10689.5,1601891152.876176,10689.5,0.55155865,10689.6,3.52222222,10692.38186
Kraken,btc_eur,9101.2,1601891158.382354,9101.1,0.62763696,9101.2,0.456486,9114.44326
Kraken,btc_eur,9101.1,1601891160.91496,9101.1,0.61763696,9101.2,0.456486,9114.44319
Kraken,eth_eur,299.65,1601891161.944375,299.65,48.80703614,299.66,37.58605781,300.12492
Kraken,btc_eur,9101.2,1601891162.572537,9101.1,0.61763696,9101.2,2.92980523,9114.44304
Kraken,btc_eur,9101.2,1601891163.110622,9101.1,0.61763696,9101.2,2.9058951,9114.44287
Kraken,btc_eur,9101.1,1601891163.551316,9101.0,0.70185266,9101.1,2.56510484,9114.4427
Kraken,btc_eur,9101.1,1601891166.982105,9101.0,0.70185266,9101.1,2.46096593,9114.44197
Kraken,eth_eur,299.66,1601891167.135692,299.65,40.00203614,299.66,75.39527235,300.1247
Kraken,btc_eur,9101.0,1601891168.778056,9101.0,0.63250947,9101.1,2.46096593,9114.44137
Kraken,btc_usd,10689.3,1601891169.913591,10689.3,0.01989682,10689.4,7.20563962,10692.38183
Kraken,btc_usd,10689.3,1601891170.088225,10689.3,0.01521742,10689.4,7.20563962,10692.38181
Kraken,btc_eur,9101.1,1601891170.579655,9101.0,0.63250947,9101.1,2.88453055,9114.44124
Kraken,btc_eur,9101.1,1601891175.569439,9101.0,0.63250947,9101.1,0.34992069,9114.44023
Kraken,btc_usd,10688.0,1601891176.832931,10688.0,0.49749252,10688.1,0.50468322,10692.38116
Kraken,btc_eur,9101.0,1601891179.997708,9101.0,0.60064403,9101.1,0.05226262,9114.43771
Kraken,btc_eur,9101.1,1601891180.719991,9101.0,0.60064403,9101.1,2.05314746,9114.43759
Kraken,eth_eur,299.65,1601891180.929779,299.65,39.89920614,299.66,102.89527235,300.12469
Kraken,btc_eur,9100.7,1601891181.014699,9100.7,0.73253697,9101.1,2.43314746,9114.4333
Kraken,eth_eur,299.66,1601891182.586684,299.65,39.89920614,299.66,94.79527235,300.124
Kraken,eth_eur,299.65,1601891184.979729,299.65,39.78227639,299.66,67.75608518,300.12399
Kraken,btc_eur,9100.2,1601891186.472463,9100.2,0.66313908,9100.9,0.0181437,9114.43304
Kraken,eth_eur,299.65,1601891196.013017,299.65,39.69729762,299.66,67.29527235,300.12399
Kraken,btc_eur,9100.3,1601891198.082454,9100.2,0.66313908,9100.3,2.39212305,9114.43295
Kraken,btc_eur,9101.2,1601891199.51167,9100.2,0.93203908,9101.2,0.39738558,9114.43277
Kraken,eth_usd,351.9,1601891212.097567,351.9,3.35503104,351.92,91.90159249,352.65385
Kraken,btc_eur,9100.8,1601891213.588785,9100.8,0.699984,9100.9,0.39738558,9114.43276
Kraken,btc_eur,9100.9,1601891218.377566,9100.8,0.699984,9100.9,2.67418358,9114.43259
Kraken,eth_eur,299.65,1601891225.712619,299.65,23.64048106,299.66,84.43031597,300.1226
Kraken,btc_eur,9100.8,1601891226.943698,9100.8,0.009984,9100.9,3.55808851,9114.42766
Kraken,eth_eur,299.65,1601891227.010421,299.65,8.106e-05,299.66,122.45143682,300.12056
Kraken,btc_eur,9100.1,1601891227.521904,9100.2,0.0008783,9100.3,3.06001464,9114.42333
Kraken,btc_eur,9099.6,1601891227.544846,9099.6,0.47071802,9100.3,3.06001464,9114.41581
Kraken,btc_eur,9098.4,1601891227.593348,9097.8,0.93585684,9100.3,2.78050027,9114.40354
Kraken,btc_eur,9096.9,1601891227.609633,9096.4,0.096,9098.3,4.16911063,9114.3851
Kraken,eth_eur,299.65,1601891227.975096,299.42,0.76630264,299.66,142.52198681,300.12056
Kraken,eth_usd,351.9,1601891228.709673,351.9,3.57866115,351.91,152.51757012,352.65361
Kraken,btc_usd,10682.7,1601891231.325294,10682.7,0.8765673,10688.1,15.89301227,10692.37902
Kraken,btc_eur,9096.1,1601891234.758753,9096.0,0.13473,9096.1,0.62710436,9114.38479
Kraken,eth_eur,299.14,1601891236.120687,299.14,89.38316934,299.43,67.00903723,300.08494
Kraken,eth_usd,351.9,1601891236.199662,351.9,2.81235851,351.91,156.96815066,352.65354
Kraken,eth_eur,299.41,1601891237.241183,299.18,1.85512968,299.41,29.62352655,300.08489
Kraken,eth_usd,351.9,1601891237.341601,351.6,3.5,351.91,156.2026359,352.6533
Kraken,eth_eur,299.39,1601891237.523419,299.19,5.92786703,299.39,29.61682053,300.08485
Kraken,eth_usd,351.6,1601891237.792176,351.6,2.74034708,351.72,1.4544,352.65321
Kraken,btc_eur,9095.3,1601891241.899622,9094.5,0.04881728,9095.3,2.27751437,9114.38477
Kraken,eth_eur,299.17,1601891243.797244,299.17,4.09949671,299.22,16.0,300.08249
Kraken,btc_usd,10682.8,1601891247.459951,10682.8,0.27095272,10682.9,5.15357554,10692.37861
Kraken,btc_eur,9095.3,1601891249.676784,9095.2,0.015,9095.3,2.59427312,9114.38437
Kraken,btc_eur,9095.3,1601891250.117071,9095.2,0.015,9095.3,2.59039459,9114.38433
Kraken,btc_eur,9095.3,1601891250.575272,9095.2,0.015,9095.3,2.56800711,9114.38411
Kraken,btc_eur,9095.3,1601891250.999433,9095.2,0.015,9095.3,0.56256588,9114.38405
Kraken,btc_eur,9095.2,1601891251.517544,9095.2,0.4332212,9095.3,0.56256588,9114.38323
Kraken,eth_eur,299.21,1601891251.610909,299.2,35.13538576,299.43,4.9,300.08242
Kraken,btc_eur,9095.2,1601891252.024329,9095.2,0.43098986,9095.3,0.56256588,9114.38186
Kraken,btc_eur,9095.2,1601891257.686876,9095.0,0.13473,9095.2,0.57935769,9114.38074
Kraken,eth_usd,351.6,1601891258.133639,351.6,3.06376233,351.61,51.60612127,352.65297
Kraken,btc_eur,9093.8,1601891263.466714,9093.8,1.52211859,9095.0,0.00631669,9114.37155
Kraken,btc_eur,9094.4,1601891264.247975,9094.2,0.13473,9094.4,1.27548973,9114.37146
Kraken,btc_eur,9094.3,1601891273.123981,9094.3,0.00473,9094.4,4.04967331,9114.3701
Kraken,btc_eur,9092.5,1601891273.58924,9092.5,0.00276053,9093.3,0.19,9114.34474
Kraken,btc_eur,9091.2,1601891278.382849,9090.3,0.94111592,9091.2,0.16756819,9114.34428
Kraken,btc_eur,9091.3,1601891281.538341,9090.3,0.94111592,9091.3,1.42960674,9114.31343
Kraken,btc_eur,9090.5,1601891284.019567,9090.5,0.35065331,9091.3,0.7271303,9114.31338
Kraken,btc_usd,10679.4,1601891284.342806,10679.3,0.001,10679.4,3.59224725,10692.37751
Kraken,btc_usd,10679.4,1601891284.345641,10679.3,0.001,10679.4,3.576968,10692.37721
Kraken,btc_usd,10678.1,1601891284.358928,10678.1,0.11799782,10679.4,3.576968,10692.37687
Kraken,btc_eur,9091.3,1601891286.512765,9090.6,0.73,9091.3,0.7260632,9114.31336
