Plateforme,Asset,Quote,Datetime,Bid,BidAmount,Ask,AskAmount,OpenInterest
Kraken,btc_usd,10890.6,1601554214.51716,10886.3,0.0203,10890.7,8.41031243,10853.20905
Kraken,btc_eur,9260.7,1601554214.518179,9260.7,0.28895366,9260.8,4.63823748,9244.35729
Kraken,eth_usd,367.93,1601554214.518591,367.93,25.58349902,367.94,63.76288569,363.09644
Kraken,eth_eur,312.96,1601554214.519016,312.9,57.36745502,312.96,7.896,311.07392
Kraken,btc_eur,9260.1,1601554215.968505,9260.0,0.0607,9260.1,3.9300635,9244.35742
Kraken,btc_eur,9260.0,1601554216.43461,9259.4,2.57428,9260.1,3.9506245,9244.35786
Kraken,btc_eur,9259.5,1601554219.599612,9259.4,2.57428,9259.5,2.58247104,9244.35794
Kraken,btc_eur,9259.5,1601554220.077682,9259.4,2.57428,9259.5,2.58247104,9244.35802
Kraken,eth_usd,367.93,1601554222.797945,367.93,59.23970686,367.94,231.61475229,363.09902
Kraken,eth_usd,367.93,1601554222.894309,367.85,64.5064,367.94,246.61475229,363.11235
Kraken,btc_eur,9259.5,1601554223.12161,9259.4,2.17428,9259.5,2.34461104,9244.35975
Kraken,btc_eur,9259.5,1601554225.905271,9259.4,2.17428,9259.5,2.45932766,9244.35982
Kraken,btc_eur,9259.4,1601554226.578603,9259.4,2.1717736,9259.5,2.45932766,9244.35983
Kraken,eth_usd,367.85,1601554227.236123,367.85,63.90481949,367.86,235.86089742,363.11249
Kraken,eth_usd,367.85,1601554227.508624,367.85,0.68881949,367.86,235.86089742,363.1264
Kraken,eth_usd,367.85,1601554228.257944,367.8,3.5,367.86,235.47030856,363.12655
Kraken,btc_usd,10886.3,1601554231.831681,10886.3,0.01487279,10886.4,9.4708414,10853.20918
Kraken,btc_usd,10886.3,1601554234.120678,10883.3,0.13620094,10886.4,9.4708414,10853.20956
Kraken,btc_usd,10882.5,1601554236.341617,10882.4,0.689,10883.4,0.28724524,10853.21114
Kraken,btc_eur,9259.5,1601554236.86701,9259.4,2.1717736,9259.5,2.20912766,9244.36157
Kraken,eth_eur,312.84,1601554243.868623,312.83,0.22682,312.84,111.18818714,311.07737
Kraken,btc_eur,9259.4,1601554249.641955,9259.4,2.16712585,9259.5,3.9306245,9244.3616
Kraken,btc_eur,9259.5,1601554250.11629,9259.4,2.16712585,9259.5,3.91038905,9244.36174
Kraken,btc_usd,10883.1,1601554251.77588,10883.0,0.92886057,10883.1,1.28552974,10853.2112
Kraken,btc_eur,9259.5,1601554252.244443,9259.4,2.16712585,9259.5,3.88738469,9244.3619
Kraken,btc_eur,9259.5,1601554252.76263,9259.4,2.16712585,9259.5,3.86527307,9244.36205
Kraken,btc_eur,9259.5,1601554253.09725,9259.4,2.16712585,9259.5,3.84150076,9244.36222
Kraken,btc_eur,9259.5,1601554260.814612,9259.4,2.16712585,9259.5,3.89388686,9244.36225
Kraken,btc_eur,9259.5,1601554263.774867,9259.4,2.16712585,9259.5,3.84622947,9244.36258
Kraken,btc_eur,9259.5,1601554268.131012,9259.4,2.38362585,9259.5,3.84210882,9244.36261
Kraken,btc_eur,9259.5,1601554273.432261,9259.4,2.38362585,9259.5,3.81755794,9244.36278
Kraken,eth_usd,367.77,1601554274.704995,367.77,72.34388268,367.81,94.06964594,363.12749
Kraken,btc_usd,10883.0,1601554275.291488,10883.0,0.00886057,10883.1,8.55562862,10853.23202
Kraken,btc_usd,10883.1,1601554275.669224,10883.0,0.00886057,10883.1,8.55126415,10853.23212
Kraken,btc_usd,10877.8,1601554282.884655,10877.8,0.61916057,10883.1,9.09626415,10853.23409
Kraken,btc_eur,9259.5,1601554286.658187,9259.4,2.38362585,9259.5,6.62817283,9244.36292
Kraken,eth_usd,367.51,1601554287.928957,367.51,17.74374244,367.63,20.81466151,363.12954
Kraken,btc_eur,9259.5,1601554302.037211,9259.4,2.38362585,9259.5,7.10817283,9244.36306
Kraken,btc_eur,9259.5,1601554302.270519,9259.4,2.38362585,9259.5,7.08452138,9244.36322
Kraken,btc_usd,10877.6,1601554304.401141,10877.5,0.01093246,10877.6,2.73066692,10853.235
Kraken,eth_usd,367.42,1601554304.596155,367.42,14.05728821,367.51,7.60826295,363.13298
Kraken,eth_usd,367.46,1601554305.642674,367.46,0.05427341,367.49,1.19350062,363.13337
Kraken,btc_eur,9259.4,1601554308.029794,9255.9,0.00715782,9259.5,8.18752138,9244.37951
Kraken,btc_eur,9256.0,1601554310.248239,9255.9,0.00715782,9256.0,6.08978543,9244.37968
Kraken,btc_usd,10877.6,1601554313.604206,10877.5,0.01193246,10877.6,1.0119703,10853.29039
Kraken,eth_eur,312.77,1601554313.735664,312.77,8.25540876,312.84,106.90329964,311.07741
Kraken,eth_usd,367.49,1601554314.4749,367.47,49.1959581,367.49,0.47978855,363.13344
Kraken,eth_eur,312.77,1601554316.822522,312.76,0.90769,312.77,100.9686476,311.07743
Kraken,btc_usd,10877.6,1601554326.79513,10877.5,0.01193246,10877.6,1.69336443,10853.29104
Kraken,btc_eur,9255.9,1601554330.668284,9255.9,0.49530096,9256.0,5.08850256,9244.37974
Kraken,btc_eur,9256.0,1601554330.943588,9255.9,0.49530096,9256.0,4.76522898,9244.38144
Kraken,btc_eur,9259.0,1601554340.225109,9255.9,3.74123212,9259.0,12.59702249,9244.38158
Kraken,btc_eur,9259.0,1601554340.637964,9255.9,3.35620116,9259.0,12.58112849,9244.38169
Kraken,btc_eur,9259.0,1601554347.422494,9255.9,2.95620116,9259.0,12.55758242,9244.38185
Kraken,btc_eur,9259.0,1601554347.665857,9255.9,2.95620116,9259.0,12.53758242,9244.38198
Kraken,btc_eur,9259.0,1601554347.888312,9255.9,2.95620116,9259.0,12.50390077,9244.3822
Kraken,btc_eur,9259.0,1601554348.458961,9255.9,2.95620116,9259.0,12.4805144,9244.38236
Kraken,eth_eur,312.94,1601554348.793437,312.8,8.525,312.94,8.82804954,311.08881
Kraken,btc_eur,9259.0,1601554348.82585,9255.9,2.95620116,9259.0,12.44605747,9244.38259
Kraken,btc_usd,10882.7,1601554349.091455,10879.9,0.89464041,10882.7,0.16844314,10853.31276
Kraken,btc_eur,9259.0,1601554349.274521,9255.9,2.95620116,9259.0,12.41160054,9244.38282
Kraken,btc_eur,9259.0,1601554349.707028,9256.5,0.02150066,9259.0,12.4076673,9244.38284
Kraken,btc_eur,9258.4,1601554363.978496,9258.3,2.65623066,9258.4,0.65,9244.38297
Kraken,btc_eur,9259.4,1601554367.945908,9259.4,3.20651924,9259.5,1.1974,9244.383
Kraken,eth_eur,312.88,1601554369.398481,312.87,71.42109187,312.88,2.50935105,311.08924
Kraken,eth_usd,367.49,1601554371.966761,367.48,99.11116738,367.75,17.0,363.13353
Kraken,btc_eur,9259.5,1601554374.285695,9259.4,4.23124924,9259.5,1.1874,9244.38307
Kraken,eth_usd,367.73,1601554378.357171,367.73,19.13120133,367.75,10.0,363.14695
Kraken,btc_eur,9259.5,1601554380.486376,9259.4,3.83124924,9259.5,1.1674,9244.38321
Kraken,btc_eur,9259.5,1601554386.689171,9259.4,3.83124924,9259.5,0.971901,9244.38455
Kraken,btc_eur,9259.2,1601554388.180444,9259.2,1.1853126,9259.5,0.971901,9244.41694
Kraken,btc_usd,10882.9,1601554398.188936,10882.8,2.291,10882.9,1.71277757,10853.31538
Kraken,btc_eur,9259.4,1601554400.284791,9259.4,4.22459002,9259.5,1.641901,9244.417
Kraken,btc_eur,9259.5,1601554402.654198,9259.4,4.21383969,9259.5,1.636501,9244.41704
Kraken,btc_eur,9259.4,1601554404.144514,9259.3,0.68963656,9259.5,1.636501,9244.4456
Kraken,eth_usd,367.75,1601554407.637795,367.74,0.24195777,367.75,0.20424183,363.14702
Kraken,eth_usd,367.73,1601554412.064468,367.73,0.68083578,367.78,2.0,363.15125
Kraken,btc_eur,9259.4,1601554413.679439,9259.3,1.18963656,9259.4,7.0043469,9244.44592
Kraken,btc_eur,9259.4,1601554415.902423,9259.3,1.18963656,9259.4,6.97904604,9244.44609
Kraken,btc_eur,9259.4,1601554415.905647,9259.3,1.18963656,9259.4,6.95904604,9244.44623
Kraken,btc_eur,9259.4,1601554415.946537,9259.3,1.18963656,9259.4,6.89961337,9244.44663
Kraken,btc_eur,9259.4,1601554416.75652,9259.3,1.18963656,9259.4,6.57172834,9244.44694
Kraken,btc_usd,10881.2,1601554423.283206,10881.2,0.39596009,10882.5,0.00464041,10853.31547
Kraken,eth_usd,367.73,1601554423.504494,367.73,0.53852809,367.77,30.50473127,363.15128
Kraken,eth_eur,312.93,1601554424.213934,312.93,26.16303718,312.96,7.32,311.08936
Kraken,eth_usd,367.73,1601554424.830389,367.73,0.51818013,367.77,0.50473127,363.15129
Kraken,btc_eur,9259.4,1601554424.904294,9259.3,0.5,9259.4,6.62001125,9244.44712
Kraken,eth_usd,367.73,1601554425.556535,367.73,0.49038813,367.77,30.50473127,363.15129
Kraken,eth_eur,312.95,1601554425.92348,312.93,56.16303718,312.95,7.755,311.08936
Kraken,btc_eur,9259.4,1601554429.602043,9259.3,0.5,9259.4,6.81043486,9244.44723
Kraken,btc_usd,10882.5,1601554430.799308,10880.7,1.0,10882.5,2.50727494,10853.31569
Kraken,btc_eur,9259.4,1601554432.812952,9259.3,1.18964042,9259.4,6.78176155,9244.44743
Kraken,btc_eur,9259.4,1601554433.031475,9259.3,1.18964042,9259.4,6.76176155,9244.44756
Kraken,btc_eur,9259.4,1601554433.242216,9259.3,1.18964042,9259.4,6.74216092,9244.4477
Kraken,btc_eur,9259.4,1601554433.686849,9259.3,1.18964042,9259.4,6.71891576,9244.44785
Kraken,btc_usd,10881.0,1601554434.116435,10881.0,0.29960056,10882.5,2.50727494,10853.33668
Kraken,btc_eur,9259.4,1601554434.124903,9259.3,1.18964042,9259.4,6.69395301,9244.44802
Kraken,btc_usd,10885.0,1601554436.226238,10881.2,0.595,10885.0,9.14242385,10853.47257
Kraken,btc_usd,10882.6,1601554446.538412,10882.6,0.1794884,10883.7,0.68958795,10853.47291
Kraken,btc_eur,9259.4,1601554450.313751,9259.3,1.3316922,9259.4,6.69071301,9244.44804
Kraken,btc_eur,9259.4,1601554451.633385,9259.3,1.3316922,9259.4,6.67051226,9244.44818
Kraken,eth_eur,312.81,1601554457.756548,312.81,29.83852885,312.88,20.40957003,311.08938
Kraken,btc_eur,9259.4,1601554467.222102,9259.3,0.14205178,9259.4,7.35516804,9244.44821
Kraken,btc_eur,9259.4,1601554467.69313,9259.3,0.14205178,9259.4,7.33516804,9244.44835
Kraken,btc_eur,9259.4,1601554483.393118,9259.3,0.14205178,9259.4,9.43668024,9244.44841
Kraken,btc_eur,9259.4,1601554484.428223,9259.3,0.14205178,9259.4,9.41668024,9244.44854
Kraken,btc_usd,10880.7,1601554486.476709,10880.7,0.99139142,10880.8,3.42540725,10853.47309
Kraken,eth_usd,367.48,1601554497.004824,367.48,10.17453861,367.54,5.675,363.15569
Kraken,btc_eur,9259.0,1601554513.633425,9258.9,0.4835992,9259.0,1.45794208,9244.44948
Kraken,eth_usd,367.42,1601554516.357731,367.42,19.10646593,367.47,7.6,363.16136
Kraken,eth_usd,367.49,1601554522.092405,367.46,20.41147125,367.49,6.55042424,363.16141
Kraken,btc_eur,9258.5,1601554524.380576,9257.6,0.6897491,9258.5,1.99484856,9244.44967
Kraken,btc_eur,9258.5,1601554524.809882,9257.6,0.6897491,9258.5,1.98940168,9244.4497
Kraken,btc_eur,9258.5,1601554525.225667,9257.6,0.6897491,9258.5,1.97901732,9244.44985
Kraken,btc_eur,9258.1,1601554530.99428,9258.0,0.35752312,9258.1,1.03715911,9244.45018
Kraken,btc_eur,9258.1,1601554538.745618,9258.0,1.28973482,9258.1,0.88242911,9244.4503
Kraken,eth_eur,312.77,1601554541.682884,312.76,30.90769,312.77,29.45463797,311.08943
Kraken,btc_usd,10880.8,1601554542.351412,10880.7,1.00332069,10880.8,3.10475461,10853.47381
Kraken,btc_eur,9255.9,1601554551.506241,9255.8,0.07018434,9255.9,0.00123015,9244.45033
Kraken,btc_eur,9256.3,1601554553.156809,9254.7,2.0,9256.3,0.9642053,9244.45042
Kraken,btc_eur,9256.3,1601554555.379906,9254.5,0.01212,9256.3,0.9442053,9244.45053
Kraken,btc_usd,10880.7,1601554557.668223,10880.7,0.91452069,10880.8,10.00677539,10853.47563
Kraken,eth_eur,312.65,1601554557.865706,312.65,1.66414297,312.77,93.96623715,311.08956
Kraken,eth_usd,367.38,1601554558.650885,367.32,44.28758822,367.38,19.99528607,363.16161
Kraken,btc_eur,9256.3,1601554560.024001,9256.2,0.5,9256.3,0.9352553,9244.45058
Kraken,eth_usd,367.34,1601554560.635607,367.32,64.70687256,367.34,6.13224588,363.16189
Kraken,btc_eur,9256.3,1601554563.204952,9256.2,0.5,9256.3,0.47548352,9244.45304
Kraken,btc_eur,9256.2,1601554564.033714,9256.2,0.49102578,9256.3,0.47548352,9244.45309
Kraken,btc_eur,9256.3,1601554564.512934,9256.2,0.49102578,9256.3,0.46106585,9244.45316
Kraken,eth_eur,312.76,1601554565.240909,312.76,36.39622332,312.77,22.92758004,311.08976
Kraken,btc_eur,9256.2,1601554568.059118,9256.2,0.46803578,9256.3,0.46106585,9244.45329
Kraken,btc_eur,9254.1,1601554568.807355,9254.1,0.68903018,9256.3,0.46106585,9244.45335
Kraken,btc_eur,9256.3,1601554569.173018,9254.1,0.68903018,9256.3,1.1193771,9244.45351
Kraken,btc_eur,9254.0,1601554577.317177,9253.9,1.0,9254.0,2.58063,9244.45375
Kraken,btc_eur,9253.9,1601554577.323969,9253.9,0.99545795,9254.0,2.58063,9244.45377
Kraken,btc_usd,10880.7,1601554583.745061,10880.7,1.27655569,10880.8,15.4485918,10853.47641
Kraken,btc_usd,10880.7,1601554583.830394,10880.7,1.18068943,10880.8,15.4485918,10853.47837
Kraken,btc_usd,10880.7,1601554583.835384,10880.7,0.98895691,10880.8,15.4485918,10853.4823
Kraken,btc_usd,10875.6,1601554584.195309,10875.6,0.09295691,10880.8,15.35272548,10853.50273
Kraken,btc_eur,9256.1,1601554589.340598,9256.0,0.5,9256.1,3.05973,9244.45387
Kraken,btc_eur,9256.0,1601554590.913752,9253.9,2.99545795,9256.0,0.78027378,9244.45929
Kraken,eth_eur,312.51,1601554592.314316,312.51,86.60288146,312.58,51.41806081,311.09243
Kraken,btc_eur,9254.0,1601554594.473083,9253.9,1.49545795,9254.0,0.84658824,9244.45933
Kraken,eth_usd,367.14,1601554596.467426,367.15,0.00447254,367.24,10.113744,363.17571
Kraken,btc_eur,9253.9,1601554598.850646,9253.9,0.96717095,9254.0,3.35473,9244.45945
Kraken,btc_eur,9254.0,1601554599.938192,9253.9,0.96717095,9254.0,4.00458977,9244.45962
Kraken,btc_eur,9254.0,1601554605.388914,9253.9,0.97257285,9254.0,4.24107845,9244.45971
Kraken,btc_eur,9254.0,1601554611.07234,9253.9,0.97257285,9254.0,2.25622125,9244.45973
Kraken,btc_eur,9254.0,1601554611.531362,9253.9,0.97257285,9254.0,2.23234806,9244.45985
Kraken,btc_eur,9254.0,1601554611.914481,9253.9,0.97257285,9254.0,4.23616309,9244.45996
Kraken,btc_eur,9253.9,1601554612.382511,9253.9,0.88307685,9254.0,2.26107845,9244.46034
Kraken,eth_eur,312.52,1601554614.511862,312.51,30.45352,312.52,7.44731456,311.09292
Kraken,btc_eur,9253.9,1601554617.462039,9253.9,0.85802685,9254.0,4.26107845,9244.46045
Kraken,btc_eur,9254.0,1601554618.856849,9253.9,0.85802685,9254.0,4.24634347,9244.46051
Kraken,eth_eur,312.52,1601554621.359521,312.51,30.45352,312.52,21.31913099,311.09293
Kraken,btc_eur,9254.0,1601554622.141141,9253.9,0.85802685,9254.0,4.73406283,9244.4606
Kraken,btc_eur,9254.0,1601554625.754336,9253.9,0.85802685,9254.0,4.73193331,9244.46061
Kraken,eth_eur,312.51,1601554636.687561,312.51,0.32633466,312.52,64.86180499,311.09294
Kraken,btc_eur,9254.0,1601554641.571143,9253.9,0.85802685,9254.0,5.55204797,9244.46095
Kraken,btc_eur,9254.0,1601554647.467817,9253.9,0.85802685,9254.0,6.13109015,9244.46104
Kraken,btc_eur,9253.9,1601554647.723635,9253.9,7.41e-06,9254.0,6.13109015,9244.4647
Kraken,btc_eur,9252.1,1601554651.698414,9252.0,9.2643569,9252.1,2.02726439,9244.46528
Kraken,btc_eur,9252.0,1601554653.050433,9252.0,9.65867174,9252.1,2.16199439,9244.4653
Kraken,eth_eur,312.52,1601554655.160325,312.51,0.32633466,312.52,94.0311535,311.09391
Kraken,btc_eur,9252.1,1601554656.473108,9252.0,9.65867174,9252.1,4.14199439,9244.46537
Kraken,eth_eur,312.41,1601554663.081181,312.41,2.23133466,312.52,94.0311535,311.09399
Kraken,btc_eur,9252.9,1601554672.583857,9252.0,9.65867174,9252.9,0.23,9244.46544
Kraken,eth_usd,367.13,1601554683.448236,367.13,0.6,367.14,56.11072788,363.17578
Kraken,btc_eur,9252.1,1601554684.779078,9252.0,9.25867174,9252.1,3.90719908,9244.46547
Kraken,btc_usd,10871.9,1601554691.223515,10870.5,0.0851,10872.0,3.56655526,10853.50275
Kraken,btc_usd,10870.6,1601554696.615439,10870.5,0.61997382,10870.6,2.5272,10853.50301
Kraken,btc_eur,9252.1,1601554698.796212,9252.0,9.31198414,9252.1,2.2932533,9244.46555
Kraken,btc_eur,9252.1,1601554699.227157,9252.0,9.31198414,9252.1,2.26918147,9244.46564
Kraken,btc_eur,9252.0,1601554699.651086,9252.0,9.48408634,9252.1,0.66918147,9244.46617
Kraken,btc_usd,10870.5,1601554701.894224,10870.5,0.51997382,10870.6,3.21752817,10853.50429
Kraken,btc_eur,9253.9,1601554707.961117,9252.9,0.53593492,9253.9,13.73477445,9244.4681
Kraken,btc_usd,10870.8,1601554708.440405,10870.8,3.49161002,10870.9,0.019,10853.50674
Kraken,btc_usd,10874.3,1601554709.461592,10870.8,4.48008326,10874.3,0.10924721,10853.50736
Kraken,eth_eur,312.63,1601554716.217312,312.63,7.32672332,312.65,20.42350844,311.094
Kraken,btc_eur,9253.9,1601554718.825223,9253.8,2.1027581,9253.9,13.71477445,9244.46819
Kraken,btc_eur,9253.9,1601554719.560777,9253.8,2.1027581,9253.9,13.71277445,9244.46819
Kraken,eth_eur,312.64,1601554720.139373,312.64,49.78372332,312.65,64.92350844,311.09401
Kraken,btc_usd,10875.1,1601554721.672594,10875.0,0.2344998,10875.1,0.0656,10853.50899
Kraken,eth_usd,367.13,1601554729.295288,367.13,2.12449596,367.19,0.143744,363.17587
Kraken,btc_usd,10875.7,1601554733.177167,10874.3,0.001,10876.4,0.02482677,10853.58448
Kraken,btc_eur,9253.5,1601554734.364166,9253.4,0.76673007,9253.5,0.47208382,9244.46828
Kraken,eth_eur,312.56,1601554734.7926,312.56,2.59411772,312.57,117.75998856,311.09401
Kraken,btc_usd,10876.0,1601554736.170167,10876.0,5.26987716,10876.1,0.56400569,10853.58488
Kraken,btc_eur,9253.9,1601554741.5381,9253.9,1.38621149,9254.0,0.4,9244.46982
Kraken,btc_eur,9254.0,1601554746.725514,9253.9,1.76061357,9254.0,0.39587287,9244.46984
Kraken,eth_eur,312.51,1601554747.20538,312.47,33.97952419,312.51,0.79830456,311.09403
Kraken,btc_usd,10876.0,1601554750.02827,10876.0,5.48419716,10876.1,0.55914841,10853.58599
Kraken,btc_eur,9254.0,1601554752.195646,9253.9,1.82224357,9254.0,0.38123487,9244.4699
Kraken,btc_eur,9254.0,1601554755.306609,9253.9,1.82224357,9254.9,0.25,9244.47154
Kraken,btc_eur,9254.9,1601554760.702737,9254.9,3.72614157,9255.0,0.2,9244.47175
Kraken,btc_usd,10877.6,1601554762.617922,10877.6,0.95464041,10877.7,0.65161594,10853.58869
Kraken,eth_eur,312.57,1601554768.917249,312.52,30.0,312.57,0.79547934,311.09404
Kraken,btc_eur,9255.9,1601554776.605083,9255.1,0.03593492,9255.9,3.123,9244.47176
Kraken,btc_eur,9255.9,1601554777.970195,9255.8,0.28010621,9255.9,1.73727554,9244.47182
Kraken,btc_usd,10876.1,1601554778.843448,10876.1,0.53,10876.2,2.52569652,10853.59121
Kraken,btc_eur,9256.0,1601554781.445724,9255.9,2.67066492,9256.0,0.51916617,9244.47185
Kraken,btc_eur,9256.0,1601554781.869198,9255.9,2.67066492,9256.0,0.49748023,9244.47196
Kraken,btc_eur,9256.0,1601554782.275273,9255.9,2.67066492,9256.0,0.47380811,9244.47208
Kraken,btc_eur,9256.0,1601554782.700155,9255.9,2.67066492,9256.0,0.44203388,9244.47225
Kraken,btc_eur,9256.0,1601554783.113477,9255.9,2.67066492,9256.0,0.42295818,9244.47235
Kraken,btc_eur,9256.0,1601554783.549495,9255.9,2.67066492,9256.0,0.39580595,9244.47249
Kraken,btc_eur,9255.9,1601554784.006938,9255.9,3.38935405,9256.0,0.39580595,9244.47283
Kraken,btc_eur,9255.9,1601554784.467158,9255.9,3.40602152,9256.0,0.39580595,9244.47309
Kraken,btc_eur,9256.0,1601554790.904011,9255.9,3.85566492,9256.0,0.38597679,9244.47314
Kraken,btc_eur,9255.9,1601554793.245258,9255.9,2.54548444,9256.0,0.38597679,9244.48344
Kraken,btc_eur,9256.0,1601554793.981142,9255.9,2.7453198,9256.0,0.22919679,9244.48426
Kraken,btc_eur,9256.0,1601554796.878037,9255.9,2.68222763,9256.0,0.20919679,9244.48436
Kraken,btc_eur,9255.9,1601554804.216793,9255.9,2.67293763,9256.0,0.20919679,9244.48441
Kraken,btc_eur,9255.9,1601554805.975213,9255.9,2.66714452,9256.0,0.20919679,9244.48444
Kraken,btc_eur,9256.0,1601554806.658005,9255.9,2.66714452,9256.0,0.19874879,9244.48449
Kraken,btc_eur,9256.0,1601554807.265222,9255.9,2.10954952,9256.0,0.19366379,9244.48452
Kraken,eth_eur,312.77,1601554809.015808,312.67,30.0,312.77,74.21941497,311.10264
Kraken,btc_eur,9255.9,1601554809.589694,9255.9,2.10519873,9256.0,0.19366379,9244.48454
Kraken,btc_eur,9255.9,1601554810.135588,9255.9,1.92519873,9256.0,0.59366379,9244.48547
Kraken,btc_eur,9256.0,1601554810.157928,9255.9,1.92519873,9256.0,0.55945379,9244.48564
Kraken,btc_eur,9256.0,1601554810.381243,9255.9,3.94316619,9256.0,0.51715379,9244.48586
Kraken,btc_eur,9256.0,1601554810.545132,9255.9,3.94316619,9256.0,0.51302709,9244.48589
Kraken,btc_eur,9256.0,1601554822.206175,9255.9,0.06161,9256.0,26.40591455,9244.48599
Kraken,btc_eur,9255.9,1601554823.972956,9255.9,0.05792,9256.0,26.04341455,9244.48601
Kraken,eth_usd,367.15,1601554828.02771,367.14,0.73471478,367.15,66.44187943,363.1759
Kraken,btc_eur,9255.9,1601554837.912628,9255.9,0.0470575,9256.0,32.511264,9244.48606
Kraken,btc_eur,9256.0,1601554838.813808,9255.9,0.0470575,9256.0,32.40175222,9244.48663
Kraken,btc_eur,9256.0,1601554839.084135,9255.9,0.0470575,9256.0,32.38175222,9244.48674
Kraken,btc_usd,10878.4,1601554842.311035,10878.4,0.448,10878.5,18.99975339,10853.59214
Kraken,eth_usd,367.07,1601554850.578214,367.07,6.898,367.14,146.83363526,363.17592
Kraken,btc_eur,9255.9,1601554854.552228,9255.8,0.55045485,9255.9,3.82877585,9244.48684
Kraken,btc_eur,9255.9,1601554862.317531,9255.8,0.55045485,9255.9,7.10664128,9244.48696
Kraken,btc_eur,9255.9,1601554864.278098,9255.8,1.02255838,9255.9,2.30458498,9244.48743
Kraken,btc_eur,9255.8,1601554864.65088,9255.8,1.42045485,9255.9,1.61432902,9244.48759
Kraken,btc_eur,9255.9,1601554866.478423,9255.8,1.43842231,9255.9,1.74493228,9244.48761
Kraken,btc_eur,9255.9,1601554867.050559,9255.8,1.42045485,9255.9,3.42323303,9244.48926
Kraken,btc_eur,9255.8,1601554870.756162,9255.8,1.4812773,9255.9,4.29823303,9244.49133
Kraken,btc_eur,9255.9,1601554870.910696,9255.8,1.4812773,9255.9,4.24048166,9244.49163
Kraken,btc_eur,9255.8,1601554871.263296,9255.8,0.99504192,9255.9,4.24048166,9244.49411
Kraken,btc_eur,9255.9,1601554874.362063,9255.8,0.54706,9255.9,4.73559481,9244.49413
Kraken,eth_usd,367.02,1601554881.733481,367.02,2.88583612,367.03,9.36407231,363.17593
Kraken,btc_eur,9255.9,1601554882.221725,9255.8,0.04706,9255.9,5.33311546,9244.49424
Kraken,btc_eur,9255.9,1601554882.638692,9255.8,0.04706,9255.9,5.70938572,9244.49436
Kraken,btc_eur,9255.9,1601554882.842426,9255.8,0.04706,9255.9,5.54152572,9244.49522
Kraken,btc_eur,9255.9,1601554883.073074,9255.8,0.04706,9255.9,5.51975375,9244.49533
Kraken,btc_eur,9255.9,1601554883.689098,9255.8,0.04706,9255.9,5.4976413,9244.49544
Kraken,btc_eur,9255.9,1601554884.107283,9255.8,0.04706,9255.9,5.49181017,9244.49547
Kraken,btc_eur,9255.9,1601554884.562286,9255.8,0.04706,9255.9,5.46860213,9244.49559
Kraken,eth_usd,367.02,1601554885.262407,367.02,2.83620833,367.03,9.36407231,363.17593
Kraken,btc_eur,9255.8,1601554891.105862,9255.8,0.04051189,9255.9,5.55063467,9244.49563
Kraken,btc_eur,9255.9,1601554900.462978,9255.8,0.04051189,9255.9,6.34860213,9244.49573
Kraken,btc_eur,9255.9,1601554903.826108,9255.8,0.04051189,9255.9,6.33763113,9244.49579
Kraken,btc_eur,9255.9,1601554916.736186,9255.8,0.04051189,9255.9,6.11796207,9244.49589
Kraken,btc_eur,9255.9,1601554918.200004,9255.8,0.04051189,9255.9,6.29287732,9244.49597
Kraken,btc_eur,9255.9,1601554923.920758,9255.8,0.04051189,9255.9,6.05833625,9244.4962
Kraken,btc_eur,9255.9,1601554924.306671,9255.8,0.04051189,9255.9,6.04991767,9244.49624
Kraken,btc_eur,9255.9,1601554924.650946,9255.8,0.04051189,9255.9,6.04510735,9244.49626
Kraken,btc_eur,9255.9,1601554927.030977,9255.8,0.04051189,9255.9,6.04247535,9244.49628
Kraken,btc_eur,9255.9,1601554927.916961,9255.8,0.04051189,9255.9,6.04035235,9244.49629
Kraken,btc_eur,9255.8,1601554937.702671,9255.8,0.02959837,9255.9,8.04231981,9244.49634
Kraken,btc_eur,9255.9,1601554943.490614,9255.8,0.02959837,9255.9,8.76458081,9244.49641
Kraken,btc_eur,9255.8,1601554945.625588,9255.8,0.01219118,9255.9,8.76458081,9244.4965
Kraken,btc_usd,10878.5,1601554949.318645,10878.4,1.999,10878.5,1.0876192,10853.68999
Kraken,btc_usd,10878.5,1601554951.812984,10878.4,2.27864041,10878.5,0.56609352,10853.69029
Kraken,btc_eur,9254.4,1601554959.441018,9254.2,0.21,9254.4,0.47844471,9244.49659
Kraken,btc_eur,9254.4,1601554960.812619,9254.3,0.52496273,9254.4,0.9161984,9244.49668
Kraken,btc_eur,9254.4,1601554967.630722,9254.4,0.53648695,9254.5,0.51796746,9244.4967
Kraken,eth_usd,367.0,1601554968.466371,367.0,2.68066553,367.01,29.7833297,363.17594
Kraken,eth_usd,366.9,1601554968.491858,366.9,0.10066553,367.01,29.7833297,363.17819
Kraken,btc_eur,9254.5,1601554971.336038,9254.4,0.50558873,9254.5,3.91327633,9244.49672
Kraken,btc_eur,9254.5,1601554971.756137,9254.4,0.85473,9254.5,3.38851912,9244.49683
Kraken,btc_eur,9254.5,1601554972.315878,9254.4,0.85473,9254.5,3.36736561,9244.49693
Kraken,btc_eur,9254.5,1601554972.736317,9254.4,0.85473,9254.5,3.34366018,9244.49703
Kraken,btc_eur,9254.4,1601554973.152433,9254.4,0.74516589,9254.5,2.91816586,9244.49752
Kraken,btc_eur,9254.4,1601554973.602114,9254.4,0.73149895,9254.5,3.41816586,9244.49758
Kraken,btc_eur,9254.4,1601554974.197054,9254.4,0.71347635,9254.5,3.41816586,9244.49766
Kraken,btc_eur,9254.4,1601554976.419575,9254.4,0.70347635,9254.5,3.41816586,9244.49771
Kraken,btc_eur,9254.5,1601554976.872356,9254.4,0.70347635,9254.5,3.39816586,9244.4978
Kraken,btc_eur,9254.4,1601554978.73802,9254.4,0.79994275,9254.5,3.40714959,9244.49785
Kraken,btc_eur,9254.4,1601554979.726989,9254.4,0.77109075,9254.5,3.40714959,9244.49798
Kraken,btc_usd,10878.4,1601554981.802553,10878.4,2.82530673,10878.5,2.58489198,10853.69288
Kraken,btc_eur,9254.5,1601554985.274967,9254.4,1.46109395,9254.5,3.29693507,9244.49843
Kraken,btc_eur,9254.5,1601554988.988002,9254.4,1.46109395,9254.5,3.29465207,9244.49844
Kraken,btc_eur,9254.5,1601554989.531068,9254.4,1.46109395,9254.5,3.28246207,9244.4985
Kraken,btc_eur,9254.5,1601554990.837961,9254.4,1.46109395,9254.5,3.25715027,9244.49861
Kraken,btc_eur,9254.5,1601554991.613559,9254.4,1.46109395,9254.5,3.24147214,9244.49868
Kraken,btc_eur,9254.5,1601554995.359445,9254.4,3.94496306,9254.5,2.73734231,9244.4987
Kraken,btc_eur,9254.4,1601554999.909361,9254.4,3.94077502,9254.5,2.73734231,9244.49872
Kraken,btc_eur,9254.5,1601555004.181511,9254.4,3.54077502,9254.5,2.71762955,9244.49881
Kraken,btc_eur,9254.5,1601555005.948955,9254.4,1.40581516,9254.5,3.02661328,9244.49926
Kraken,btc_eur,9254.5,1601555006.232892,9254.4,1.40581516,9254.5,2.91762955,9244.49971
Kraken,btc_eur,9254.5,1601555006.815562,9254.4,1.40581516,9254.5,2.81762955,9244.50016
Kraken,btc_eur,9254.5,1601555007.563441,9254.4,1.18581516,9254.5,3.67161328,9244.50061
Kraken,btc_eur,9254.5,1601555008.266566,9254.4,1.18581516,9254.5,3.6213816,9244.50084
Kraken,btc_usd,10878.8,1601555010.780573,10878.5,0.45320034,10878.8,4.964e-05,10853.69296
Kraken,btc_eur,9254.5,1601555011.818317,9254.4,1.52382383,9254.5,3.16108578,9244.50086
Kraken,btc_eur,9254.5,1601555012.670809,9254.4,1.52382383,9254.5,3.1524321,9244.5009
Kraken,btc_eur,9254.5,1601555013.441189,9254.4,1.52382383,9254.5,3.2324321,9244.50099
Kraken,btc_eur,9254.5,1601555017.981401,9254.4,1.52382383,9254.5,3.22847294,9244.50101
Kraken,btc_eur,9254.4,1601555019.005084,9254.4,1.18262516,9254.5,3.22847294,9244.50205
Kraken,btc_eur,9254.4,1601555024.787918,9254.4,3.35491805,9254.5,2.22847294,9244.50294
Kraken,eth_eur,312.3,1601555024.88704,312.29,55.56804086,312.3,6.76984461,311.10267
Kraken,btc_eur,9254.5,1601555029.093209,9254.4,1.2959894,9254.5,2.62847294,9244.50339
Kraken,btc_eur,9254.5,1601555029.230114,9254.4,1.21995819,9254.5,2.60847294,9244.50348
Kraken,btc_eur,9254.5,1601555029.699038,9254.4,1.21995819,9254.5,2.50847294,9244.50393
Kraken,btc_eur,9254.5,1601555030.472317,9254.4,1.21995819,9254.5,5.30847294,9244.50438
Kraken,btc_eur,9254.5,1601555031.140474,9254.4,0.71995819,9254.5,5.53745667,9244.50483
Kraken,btc_eur,9254.1,1601555031.887691,9254.0,0.68995819,9254.1,2.40898373,9244.50526
Kraken,btc_eur,9254.1,1601555032.132122,9254.0,0.68995819,9254.1,2.45958073,9244.50547
Kraken,btc_eur,9254.1,1601555032.186019,9254.0,0.68995819,9254.1,2.41929697,9244.50565
Kraken,btc_eur,9253.3,1601555034.422763,9253.2,0.97854353,9253.3,2.48155693,9244.50576
Kraken,eth_eur,312.28,1601555039.584371,312.27,15.13,312.28,6.86649128,311.10269
Kraken,btc_eur,9252.9,1601555040.969272,9252.0,10.02121676,9252.9,1.43144073,9244.50596
Kraken,btc_eur,9252.7,1601555042.959902,9252.6,1.2230604,9252.7,0.5,9244.50599
Kraken,btc_eur,9252.7,1601555044.226743,9252.6,0.7980604,9252.7,0.30732771,9244.50673
Kraken,btc_eur,9252.8,1601555045.307058,9252.6,0.7980604,9252.8,1.79745667,9244.50681
Kraken,btc_eur,9252.8,1601555048.443009,9252.7,1.69905385,9252.8,1.69745667,9244.50718
Kraken,btc_eur,9252.8,1601555049.05597,9252.7,3.62300867,9252.8,1.59745667,9244.50755
Kraken,btc_eur,9252.8,1601555049.762181,9252.7,3.62300867,9252.8,1.49745667,9244.50793
Kraken,btc_eur,9252.8,1601555050.603704,9252.7,3.62300867,9252.8,1.39745667,9244.5083
Kraken,btc_eur,9252.8,1601555051.278814,9252.7,3.62300867,9252.8,1.29745667,9244.50867
Kraken,btc_eur,9252.8,1601555052.532284,9252.7,3.62300867,9252.8,1.25707971,9244.50882
Kraken,btc_eur,9252.8,1601555055.464083,9252.7,3.62300867,9252.8,1.23683049,9244.5089
Kraken,btc_eur,9252.8,1601555057.132514,9252.7,3.62300867,9252.8,1.2327009,9244.50891
Kraken,eth_eur,312.34,1601555057.478215,312.34,21.91821566,312.35,6.44566906,311.10284
Kraken,eth_eur,312.35,1601555058.829543,312.34,21.91821566,312.35,3.30566906,311.10309
Kraken,btc_eur,9252.8,1601555063.07813,9252.7,3.62300867,9252.8,1.22764909,9244.50893
Kraken,btc_eur,9252.8,1601555063.488691,9252.7,3.62300867,9252.8,1.20772395,9244.50901
Kraken,btc_eur,9252.8,1601555063.932094,9252.7,3.62300867,9252.8,1.18488821,9244.50909
Kraken,btc_eur,9252.8,1601555064.994999,9252.7,3.62300867,9252.8,1.18149209,9244.5091
Kraken,btc_eur,9252.7,1601555065.402974,9252.7,3.4962572,9252.8,1.18149209,9244.50957
Kraken,btc_eur,9252.7,1601555065.647137,9252.7,3.46340116,9252.8,1.18149209,9244.50998
Kraken,btc_eur,9252.8,1601555071.15152,9252.7,4.05514232,9252.8,1.16149209,9244.51006
Kraken,btc_eur,9252.8,1601555079.731391,9252.7,3.80731839,9252.8,1.14752832,9244.51011
Kraken,btc_eur,9252.8,1601555081.464958,9252.7,5.06047446,9252.8,1.12596927,9244.51019
Kraken,btc_eur,9252.8,1601555084.551286,9252.7,5.06047446,9252.8,1.02596927,9244.51056
Kraken,btc_eur,9252.8,1601555084.851554,9252.7,5.06047446,9252.8,0.92596927,9244.51094
Kraken,btc_eur,9252.8,1601555085.578391,9252.7,5.06047446,9252.8,0.82596927,9244.51131
Kraken,btc_eur,9252.8,1601555086.356041,9252.7,4.76275747,9252.8,0.72596927,9244.51168
Kraken,btc_eur,9252.8,1601555087.044698,9252.7,4.76275747,9252.8,0.62596927,9244.51205
Kraken,btc_eur,9252.8,1601555087.807885,9252.7,4.76275747,9252.8,0.58559231,9244.5122
Kraken,btc_eur,9252.7,1601555088.558329,9252.7,4.74544847,9252.8,0.58559231,9244.51227
Kraken,btc_eur,9252.8,1601555090.617014,9252.7,4.74544847,9252.8,0.58309731,9244.51228
Kraken,btc_eur,9252.8,1601555091.186894,9252.7,4.74544847,9252.8,0.56015389,9244.51236
Kraken,btc_eur,9252.8,1601555091.509857,9252.7,4.74544847,9252.8,0.49935389,9244.51259
Kraken,btc_eur,9252.8,1601555092.346942,9252.7,4.74544847,9252.8,0.48273375,9244.51265
Kraken,btc_eur,9252.8,1601555092.656849,9252.7,4.82149365,9252.8,0.38273375,9244.51302
Kraken,btc_eur,9252.8,1601555093.269589,9252.7,4.74544847,9252.8,0.28273375,9244.5134
Kraken,eth_eur,312.37,1601555093.283204,312.37,5.19861023,312.38,3.40566906,311.1031
Kraken,btc_eur,9252.8,1601555093.554268,9252.7,4.74544847,9252.8,0.18273375,9244.51377
Kraken,btc_eur,9252.8,1601555093.853953,9252.7,4.74544847,9252.8,0.08273375,9244.51414
Kraken,btc_eur,9254.7,1601555094.419884,9252.7,4.74544847,9254.7,0.38273375,9244.51453
Kraken,btc_eur,9254.7,1601555094.714071,9254.6,0.14394359,9254.7,0.34236862,9244.51471
Kraken,btc_eur,9254.7,1601555097.393123,9254.6,1.21206008,9254.7,0.32236862,9244.5148
Kraken,btc_eur,9252.1,1601555098.382202,9252.1,0.46613429,9254.7,0.32236862,9244.55349
Kraken,btc_eur,9253.1,1601555103.161333,9252.6,1.015,9253.1,0.68744014,9244.5535
Kraken,btc_eur,9253.6,1601555104.572176,9252.6,1.015,9253.6,0.68379527,9244.55352
Kraken,btc_eur,9256.5,1601555105.253485,9252.6,1.015,9256.5,1.01208643,9244.55503
Kraken,btc_eur,9256.2,1601555105.609452,9252.8,0.01796746,9256.2,0.3877161,9244.55509
Kraken,eth_usd,367.21,1601555107.846177,367.21,16.69545895,367.25,3.35,363.17898
Kraken,btc_eur,9254.0,1601555115.086509,9254.0,0.50739111,9254.5,0.25,9244.55511
Kraken,eth_eur,312.37,1601555115.121658,312.37,41.68356566,312.38,0.1,311.10318
Kraken,btc_eur,9255.1,1601555116.367952,9254.0,0.50739111,9255.1,0.67952105,9244.55515
Kraken,btc_usd,10881.9,1601555117.795349,10881.7,1.66865897,10881.9,0.37948282,10853.71394
Kraken,btc_usd,10881.9,1601555119.608144,10881.8,0.25461559,10881.9,0.37848282,10853.71396
Kraken,btc_eur,9254.5,1601555124.23033,9254.0,0.205,9254.5,0.66973157,9244.55524
Kraken,btc_eur,9254.2,1601555128.692325,9253.9,0.12483,9254.2,0.63690354,9244.55555
Kraken,eth_eur,312.37,1601555131.200647,312.37,16.07089066,312.38,0.1,311.10554
Kraken,btc_eur,9254.1,1601555132.236865,9254.0,0.465,9254.1,0.24734935,9244.55556
Kraken,btc_usd,10881.9,1601555133.105307,10881.8,0.20461559,10881.9,5.38071964,10853.71412
Kraken,btc_eur,9252.0,1601555133.209514,9253.6,0.00246038,9254.1,0.24734935,9244.59436
Kraken,btc_eur,9250.3,1601555134.322276,9252.0,0.00925472,9253.5,0.68972918,9244.60246
Kraken,btc_eur,9251.6,1601555141.900806,9250.7,0.6898336,9251.6,1.98,9244.60252
Kraken,btc_eur,9251.6,1601555142.007731,9250.7,0.6898336,9251.6,1.963546,9244.60258
Kraken,btc_eur,9252.5,1601555146.471188,9251.1,0.68978762,9252.5,0.65743566,9244.60269
Kraken,btc_eur,9253.5,1601555151.528284,9251.7,0.435,9253.5,0.66316174,9244.60279
Kraken,btc_eur,9254.0,1601555152.504559,9252.1,0.4,9254.0,0.67555264,9244.60289
Kraken,btc_eur,9255.1,1601555152.934549,9252.2,0.385,9255.1,0.63475232,9244.603
Kraken,btc_eur,9254.4,1601555158.759985,9253.0,0.315,9254.4,0.66969868,9244.60309
Kraken,eth_eur,312.32,1601555159.548424,312.32,18.64544908,312.34,0.1,311.10876
Kraken,btc_eur,9255.1,1601555160.306161,9254.1,0.03593492,9255.1,0.28696597,9244.60362
Kraken,btc_eur,9255.4,1601555162.412057,9254.3,0.03593492,9255.4,1.08496114,9244.60364
Kraken,btc_eur,9255.1,1601555169.170867,9252.9,0.68966095,9255.1,0.397556,9244.60365
Kraken,btc_eur,9255.2,1601555172.110824,9254.3,0.03593492,9255.2,0.67979306,9244.6037
Kraken,btc_eur,9255.5,1601555184.645568,9254.3,0.68955807,9255.5,1.99892093,9244.6037
Kraken,eth_eur,312.43,1601555184.692606,312.33,60.4148602,312.43,20.20661411,311.10878
Kraken,btc_eur,9254.9,1601555186.797781,9254.9,0.66068755,9255.5,1.99892093,9244.60384
Kraken,eth_eur,312.38,1601555189.209758,312.37,20.42566585,312.38,1.64550392,311.10881
Kraken,btc_eur,9256.1,1601555193.873584,9255.4,0.68954812,9256.1,2.07585227,9244.60394
Kraken,eth_usd,367.26,1601555207.483506,367.16,22.42963526,367.26,2.05604905,363.1929
Kraken,btc_eur,9255.7,1601555208.742906,9255.0,0.37,9255.7,2.26535,9244.6046
Kraken,btc_eur,9255.7,1601555210.568886,9255.1,0.26,9255.7,2.53498687,9244.6047
Kraken,btc_eur,9255.1,1601555211.492548,9251.9,0.93971367,9255.1,0.338441,9244.60481
Kraken,btc_eur,9255.2,1601555218.525268,9253.8,0.68968408,9255.2,3.59629301,9244.60482
Kraken,eth_eur,312.33,1601555219.455084,312.33,1.90251822,312.34,51.10499463,311.10894
Kraken,btc_eur,9255.2,1601555223.787419,9255.1,0.5,9255.2,4.09267496,9244.60484
Kraken,btc_eur,9255.2,1601555224.107488,9255.1,0.5,9255.2,4.08864353,9244.60486
Kraken,eth_eur,312.34,1601555225.822927,312.33,1.90251822,312.34,50.85499463,311.10896
Kraken,btc_eur,9255.2,1601555226.170342,9255.1,0.5,9255.2,3.96795634,9244.60543
Kraken,eth_usd,367.1,1601555226.921479,367.09,50.43560737,367.1,0.06190345,363.19292
Kraken,btc_eur,9255.8,1601555227.483022,9255.1,0.70093492,9255.8,0.68114279,9244.60547
Kraken,eth_usd,367.16,1601555228.717211,367.16,78.10502068,367.17,1.90122978,363.193
Kraken,btc_eur,9255.1,1601555229.127517,9255.1,0.67208092,9257.3,0.46060652,9244.6056
Kraken,btc_eur,9256.1,1601555237.796925,9256.0,0.37593492,9256.1,0.49508685,9244.60563
Kraken,btc_eur,9256.1,1601555238.230652,9256.0,0.34,9256.1,2.47325126,9244.60574
Kraken,btc_eur,9256.1,1601555238.659291,9256.0,0.34,9256.1,2.4478342,9244.60587
Kraken,btc_eur,9256.1,1601555239.058017,9256.0,0.34,9256.1,2.47620826,9244.60599
Kraken,btc_eur,9256.0,1601555239.525136,9256.0,0.26229157,9256.1,2.47620826,9244.60639
Kraken,btc_eur,9255.8,1601555244.151387,9255.1,0.471146,9255.8,0.058358,9244.60699
Kraken,btc_eur,9255.8,1601555244.686178,9255.1,0.471146,9255.8,0.038358,9244.60709
Kraken,eth_usd,367.24,1601555250.86177,367.24,20.34499587,367.25,0.24184267,363.19302
Kraken,btc_eur,9255.3,1601555252.346717,9255.2,0.40117879,9255.3,2.84456654,9244.60726
Kraken,btc_eur,9257.3,1601555254.103038,9255.3,0.44,9257.3,0.07007943,9244.61332
Kraken,btc_eur,9257.3,1601555254.112257,9255.3,0.44,9257.3,0.06598219,9244.61334
Kraken,eth_usd,367.24,1601555258.72568,367.19,20.42784133,367.24,15.94184267,363.19308
Kraken,btc_eur,9255.3,1601555260.975818,9255.2,0.40117879,9255.3,0.48,9244.61344
Kraken,eth_eur,312.39,1601555262.752144,312.37,20.42768176,312.39,41.57735266,311.10896
Kraken,btc_usd,10881.8,1601555265.304839,10881.7,1.42063673,10881.8,10.67889199,10853.71456
Kraken,btc_eur,9256.0,1601555271.368279,9255.9,0.245,9257.5,0.4,9244.61362
Kraken,btc_eur,9256.0,1601555271.504675,9255.9,0.28093492,9256.0,0.09886908,9244.61369
Kraken,btc_eur,9255.9,1601555271.973546,9255.9,0.25207592,9256.0,0.09886908,9244.61384
Kraken,btc_usd,10881.7,1601555273.02755,10881.7,1.40133004,10881.8,9.98926777,10853.71505
Kraken,eth_usd,367.24,1601555275.684965,367.23,21.07298952,367.24,7.75258129,363.19312
Kraken,btc_eur,9256.0,1601555278.587598,9255.7,0.70756569,9256.0,0.05754718,9244.61405
Kraken,btc_eur,9256.0,1601555281.030332,9255.8,0.44,9256.0,0.05380561,9244.61407
Kraken,eth_eur,312.39,1601555281.40489,312.38,20.42621834,312.39,8.97233272,311.10897
Kraken,btc_eur,9256.0,1601555284.27475,9255.9,0.3,9256.0,2.54141808,9244.61422
Kraken,btc_eur,9256.0,1601555284.630049,9255.9,0.3,9256.0,2.95263848,9244.61429
Kraken,btc_eur,9256.0,1601555287.118752,9255.1,1.1607275,9256.0,2.44851105,9244.61431
Kraken,btc_eur,9255.7,1601555291.05341,9255.1,1.1607275,9255.7,0.16392091,9244.61432
Kraken,btc_eur,9255.7,1601555293.554528,9255.1,0.471146,9255.7,0.1596363,9244.61442
Kraken,btc_usd,10881.7,1601555293.630787,10881.7,1.35752296,10881.8,10.68942927,10853.71587
Kraken,btc_eur,9257.1,1601555296.520383,9255.4,0.275,9257.1,1.98554359,9244.61453
Kraken,btc_eur,9256.3,1601555302.687002,9256.2,0.325,9256.3,0.49734985,9244.61455
Kraken,btc_eur,9256.3,1601555307.999292,9256.2,0.325,9256.3,0.49084985,9244.61458
Kraken,btc_eur,9256.3,1601555312.483475,9255.8,0.68956707,9256.3,0.37,9244.61468
Kraken,btc_usd,10881.7,1601555315.283235,10881.7,1.34735829,10881.8,9.98926777,10853.71608
Kraken,btc_eur,9256.4,1601555325.601293,9256.3,1.92482,9256.4,2.67227924,9244.61485
Kraken,btc_eur,9256.4,1601555326.034838,9256.3,1.92482,9256.4,2.64829265,9244.61498
Kraken,btc_eur,9256.4,1601555326.480786,9256.3,1.92482,9256.4,2.68093207,9244.6151
Kraken,btc_eur,9256.4,1601555326.908118,9256.3,1.92482,9256.4,2.65880507,9244.61521
Kraken,btc_eur,9256.4,1601555327.342889,9256.3,1.92482,9256.4,2.65230912,9244.61525
Kraken,btc_eur,9256.4,1601555328.561305,9256.3,1.92482,9256.4,2.68398373,9244.61535
Kraken,btc_eur,9256.4,1601555331.51005,9256.3,1.95177119,9256.4,0.169167,9244.61549
Kraken,btc_eur,9256.4,1601555345.120637,9256.3,1.92482,9256.4,4.24785198,9244.61559
Kraken,eth_eur,312.34,1601555348.680233,312.34,49.25177837,312.38,3.30566906,311.10906
Kraken,btc_eur,9256.3,1601555354.089722,9256.3,1.895965,9256.4,3.84785198,9244.61574
Kraken,btc_usd,10881.8,1601555356.744687,10881.7,1.23291393,10881.8,10.81999925,10853.71617
Kraken,btc_eur,9256.3,1601555363.965347,9256.3,1.873565,9256.4,5.08458198,9244.61586
Kraken,btc_eur,9256.4,1601555370.258814,9256.3,1.873565,9256.4,4.92985198,9244.61596
Kraken,btc_eur,9256.4,1601555372.726008,9256.3,1.873565,9256.4,4.52976541,9244.61805
Kraken,btc_eur,9256.4,1601555375.072657,9256.3,1.90051619,9256.4,4.02078168,9244.62067
Kraken,btc_eur,9256.4,1601555387.195619,9256.3,2.22390451,9256.4,2.77170125,9244.62077
Kraken,btc_eur,9256.4,1601555388.917361,9256.3,2.19695332,9256.4,2.54954528,9244.63243
Kraken,btc_usd,10881.7,1601555389.753113,10881.7,0.66201779,10881.8,9.98513953,10853.71625
Kraken,btc_eur,9256.4,1601555403.885565,9256.3,2.29103919,9256.4,1.07284456,9244.63253
Kraken,btc_eur,9256.5,1601555405.341088,9256.5,0.01895119,9257.4,0.09584343,9244.63257
Kraken,btc_eur,9256.6,1601555406.519104,9256.5,0.01895119,9256.6,0.69796218,9244.63285
Kraken,btc_eur,9256.5,1601555406.901106,9256.4,0.505,9256.5,0.39506402,9244.63299
Kraken,eth_eur,312.67,1601555409.729105,312.44,47.84147166,312.67,22.31841982,311.11035
Kraken,btc_eur,9258.4,1601555411.545343,9258.4,0.49506738,9259.9,0.25,9244.63868
Kraken,btc_eur,9259.9,1601555411.549019,9258.4,0.49506738,9259.9,0.24161404,9244.63874
Kraken,btc_eur,9259.9,1601555411.552332,9258.4,0.49506738,9259.9,0.21269924,9244.63894
Kraken,btc_eur,9259.9,1601555411.559597,9258.4,0.49506738,9259.9,0.17132994,9244.63922
Kraken,btc_eur,9259.9,1601555411.561107,9258.4,0.49506738,9259.9,0.12998204,9244.63949
Kraken,btc_eur,9259.0,1601555412.627533,9259.0,0.37633691,9260.0,2.1393,9244.63952
Kraken,eth_eur,312.54,1601555419.357099,312.51,30.0,312.54,0.50787609,311.11038
Kraken,btc_eur,9258.8,1601555423.763801,9257.5,0.4,9258.8,0.24987281,9244.63967
Kraken,btc_eur,9257.8,1601555426.484522,9256.4,0.93536885,9257.8,0.30442357,9244.63989
Kraken,eth_usd,367.24,1601555431.389493,367.23,135.1488884,367.24,0.74884365,363.19315
Kraken,btc_eur,9256.4,1601555431.656093,9256.4,0.005529,9257.9,0.26222966,9244.63995
Kraken,eth_eur,312.46,1601555431.672207,312.46,10.89756038,312.47,8.21643839,311.11117
Kraken,btc_eur,9256.3,1601555433.502833,9256.3,1.73365182,9257.1,0.00611483,9244.64072
Kraken,btc_eur,9256.4,1601555438.159609,9256.3,1.73365182,9256.4,3.0076204,9244.64079
Kraken,btc_usd,10881.9,1601555438.837804,10881.7,4.78913348,10881.9,0.03,10853.71667
Kraken,btc_eur,9256.4,1601555440.927078,9256.3,1.73365182,9256.4,2.9496204,9244.64109
Kraken,btc_eur,9256.3,1601555441.496839,9256.3,2.1794401,9256.4,0.52111483,9244.64137
Kraken,btc_eur,9256.9,1601555441.89335,9256.3,2.1794401,9256.9,0.46767483,9244.65375
Kraken,btc_eur,9258.4,1601555444.811266,9256.9,0.48,9258.4,0.44148388,9244.65382
Kraken,btc_usd,10881.9,1601555446.105523,10881.8,6.71652504,10885.0,4.54742385,10853.7173
Kraken,btc_eur,9259.0,1601555449.753774,9257.2,0.4,9259.0,0.23,9244.65395
Kraken,btc_eur,9258.2,1601555454.009024,9256.9,0.48,9258.2,1.89277155,9244.65459
Kraken,btc_usd,10884.9,1601555459.697778,10884.9,2.61913763,10885.0,9.54742385,10853.71889
Kraken,btc_eur,9258.4,1601555464.358024,9258.3,0.0467475,9258.4,3.58263391,9244.65463
Kraken,btc_eur,9256.9,1601555464.667898,9256.9,0.47898521,9258.4,3.58263391,9244.65492
Kraken,btc_eur,9256.9,1601555464.959539,9256.9,0.41317632,9258.4,3.08263391,9244.65546
Kraken,btc_eur,9256.9,1601555466.399484,9256.9,0.39586732,9257.0,0.5,9244.65555
Kraken,btc_eur,9257.0,1601555466.659931,9256.9,0.39586732,9257.0,0.49482899,9244.65558
Kraken,eth_usd,367.24,1601555470.99901,367.23,147.2488884,367.24,0.62648974,363.19317
Kraken,btc_eur,9257.2,1601555478.817862,9257.1,0.58689568,9257.2,1.98975548,9244.65563
Kraken,btc_eur,9257.1,1601555481.667039,9257.1,0.55856868,9257.2,2.48975548,9244.65579
Kraken,eth_usd,367.24,1601555482.769701,367.23,136.60366768,367.24,0.15091906,363.19326
Kraken,btc_usd,10883.6,1601555483.222702,10883.5,0.88393657,10883.6,0.68351604,10853.71902
Kraken,btc_eur,9257.1,1601555483.710679,9257.1,0.55575055,9257.2,2.48975548,9244.65581
Kraken,btc_eur,9257.1,1601555485.888373,9257.1,0.52742355,9257.2,2.48975548,9244.65596
Kraken,btc_eur,9257.2,1601555485.997113,9257.1,0.52742355,9257.2,2.4806632,9244.65601
Kraken,eth_usd,367.23,1601555487.910875,367.23,148.2488884,367.24,0.15091906,363.19363
Kraken,btc_eur,9260.0,1601555488.283866,9257.1,0.52742355,9260.0,0.99061083,9244.68969
Kraken,btc_eur,9259.4,1601555492.999194,9258.6,0.415,9259.4,0.23,9244.68982
Kraken,btc_eur,9258.7,1601555494.042093,9258.7,0.2575,9259.5,2.0,9244.68987
Kraken,btc_usd,10884.5,1601555501.167573,10884.4,2.00046732,10884.5,4.94889152,10853.72019
Kraken,eth_usd,367.24,1601555506.595436,367.23,150.9988884,367.24,0.00291906,363.19366
Kraken,eth_usd,367.24,1601555506.615262,367.23,150.9988884,367.24,1e-08,363.19366
Kraken,btc_eur,9260.0,1601555509.12344,9259.8,3.46,9260.0,0.97261083,9244.69
Kraken,btc_eur,9260.0,1601555512.400601,9259.9,3.6,9260.0,0.96401472,9244.69006
Kraken,eth_eur,312.53,1601555512.449586,312.52,63.3696111,312.53,0.06083788,311.11119
Kraken,btc_eur,9260.0,1601555513.928294,9259.9,3.6,9260.0,0.95701767,9244.69011
Kraken,btc_eur,9260.0,1601555514.379697,9259.9,3.6,9260.0,0.93209177,9244.69028
Kraken,btc_eur,9260.0,1601555514.884392,9259.9,3.6,9260.0,0.92814354,9244.6903
Kraken,btc_eur,9260.0,1601555515.330818,9259.9,3.6,9260.0,0.92293839,9244.69034
Kraken,btc_eur,9260.0,1601555516.549358,9259.9,3.6,9260.0,0.75690349,9244.69146
Kraken,btc_usd,10885.0,1601555520.330872,10884.9,5.85699236,10885.0,4.34742385,10853.72485
Kraken,btc_eur,9260.0,1601555520.904963,9259.9,3.6,9260.0,0.74620818,9244.69153
Kraken,btc_eur,9260.0,1601555525.390223,9259.9,0.5,9260.0,1.6621431,9244.69167
Kraken,eth_eur,312.63,1601555535.387662,312.52,63.2896111,312.63,7.97727627,311.11141
Kraken,btc_eur,9259.9,1601555537.281811,9259.0,2.0,9259.9,0.68528648,9244.69169
Kraken,btc_eur,9258.3,1601555548.081714,9258.2,0.59357571,9258.3,0.66498291,9244.69334
Kraken,btc_eur,9258.3,1601555550.777561,9258.2,0.59357571,9258.3,2.64498291,9244.69346
Kraken,btc_eur,9258.2,1601555552.204832,9258.2,0.03330571,9258.3,2.64498291,9244.6968
Kraken,btc_usd,10885.0,1601555553.098533,10884.9,3.72396298,10885.0,4.14742385,10853.72951
Kraken,btc_usd,10885.0,1601555554.94289,10884.9,3.72396298,10885.0,4.13442385,10853.72982
Kraken,eth_eur,312.6,1601555555.9606,312.59,30.0,312.6,5.32,311.1116
Kraken,eth_usd,367.66,1601555558.005653,367.49,32.02495137,367.66,4.05644256,363.20075
Kraken,btc_eur,9257.3,1601555560.979141,9257.2,0.4321,9257.3,2.05582192,9244.69967
Kraken,btc_eur,9257.3,1601555565.622223,9257.2,0.4321,9257.3,1.99768078,9244.6998
Kraken,btc_eur,9257.3,1601555566.224402,9257.2,0.4321,9257.3,0.01363998,9244.69985
Kraken,eth_eur,312.6,1601555567.268396,312.59,8.01081868,312.6,2.98614393,311.11163
Kraken,btc_eur,9257.4,1601555567.907949,9257.2,0.4321,9257.4,0.67360418,9244.69996
Kraken,btc_usd,10884.9,1601555570.914758,10884.9,2.96645073,10885.0,4.13442385,10853.7314
Kraken,btc_usd,10884.9,1601555577.456227,10884.9,5.00869099,10885.0,4.13442385,10853.732
Kraken,btc_eur,9258.3,1601555578.942219,9258.2,0.21795099,9258.3,0.61968614,9244.70012
Kraken,btc_eur,9258.2,1601555579.00194,9258.2,0.21455099,9258.3,0.61968614,9244.70014
Kraken,btc_eur,9260.0,1601555584.745183,9259.9,1.07255883,9260.0,0.70620818,9244.70027
Kraken,btc_eur,9260.0,1601555586.706443,9259.9,3.07255883,9260.0,1.10116341,9244.70098
Kraken,eth_eur,312.74,1601555588.068179,312.67,30.0,312.74,34.38801393,311.11166
Kraken,btc_eur,9257.3,1601555593.2045,9257.3,2.91667711,9260.0,3.29039717,9244.70099
Kraken,btc_eur,9257.3,1601555594.8181,9257.3,2.85792911,9258.8,0.01366857,9244.70132
Kraken,btc_eur,9258.4,1601555596.900933,9256.8,0.68918424,9258.4,1.99973957,9244.7014
Kraken,btc_eur,9258.4,1601555603.276347,9258.4,1.0891221,9260.0,3.69039717,9244.70164
Kraken,btc_eur,9260.0,1601555603.80936,9258.4,1.0891221,9260.0,3.66910144,9244.70179
Kraken,btc_eur,9260.0,1601555604.800556,9258.5,1.1,9260.0,3.83765788,9244.70194
Kraken,btc_eur,9260.0,1601555605.21116,9258.5,1.1,9260.0,3.81245123,9244.70211
Kraken,btc_usd,10885.0,1601555605.484429,10884.9,7.71592173,10885.0,4.13029295,10853.7321
Kraken,btc_eur,9260.0,1601555605.68697,9258.5,1.1,9260.0,3.78878485,9244.70227
Kraken,btc_eur,9258.5,1601555606.211085,9258.5,1.00870778,9260.0,3.78878485,9244.70283
Kraken,btc_eur,9258.8,1601555610.101832,9258.8,0.48542032,9259.0,0.5,9244.70503
Kraken,eth_eur,312.69,1601555611.321002,312.69,29.005821,312.74,32.98614393,311.11175
Kraken,eth_eur,312.64,1601555615.299589,312.64,17.86117779,312.68,3.31436313,311.11199
Kraken,btc_eur,9257.8,1601555616.103789,9257.7,0.25894365,9257.8,2.52359904,9244.70506
Kraken,btc_eur,9258.7,1601555618.929796,9257.8,0.36,9258.7,0.66921455,9244.70518
Kraken,btc_usd,10885.0,1601555621.627656,10884.9,8.55055761,10885.0,4.09829295,10853.73285
Kraken,btc_eur,9259.1,1601555629.418286,9259.0,0.61201,9259.1,0.95706744,9244.70666
Kraken,btc_eur,9259.0,1601555630.946664,9259.0,0.55503136,9259.1,2.95706744,9244.70702
Kraken,btc_eur,9259.0,1601555631.085496,9259.0,0.54903136,9259.1,2.95706744,9244.70705
Kraken,btc_eur,9259.1,1601555634.316548,9259.0,0.54903136,9259.1,3.16925558,9244.70718
Kraken,btc_eur,9259.1,1601555637.60042,9259.0,0.36903136,9259.1,2.478,9244.70719
Kraken,btc_eur,9259.1,1601555641.126824,9259.0,1.33319641,9259.1,2.46940305,9244.70725
Kraken,eth_usd,367.72,1601555642.964274,367.69,20.40134483,367.72,3.635,363.20076
Kraken,eth_eur,312.67,1601555644.221556,312.67,20.31436097,312.69,3.31436313,311.112
Kraken,btc_usd,10885.0,1601555646.041538,10884.9,11.42137773,10885.0,4.09416129,10853.73294
Kraken,btc_usd,10885.0,1601555646.338172,10884.9,11.42137773,10885.0,3.72668129,10853.7415
Kraken,eth_usd,367.7,1601555646.673731,367.69,20.40134483,367.7,15.95921697,363.20077
Kraken,btc_eur,9259.1,1601555657.048556,9259.0,0.36903136,9259.1,3.15013153,9244.70748
Kraken,eth_eur,312.67,1601555660.029731,312.67,28.9,312.68,0.3282192,311.11211
Kraken,btc_usd,10885.0,1601555662.938523,10884.9,6.40432173,10885.0,3.61466803,10853.74411
Kraken,btc_eur,9259.0,1601555663.150359,9259.0,0.36193895,9259.1,3.40935636,9244.70753
Kraken,btc_eur,9259.1,1601555666.545681,9259.0,0.36193895,9259.1,1.73854603,9244.71812
Kraken,btc_eur,9259.1,1601555668.107546,9259.0,0.36921411,9259.1,1.9068236,9244.71814
Kraken,eth_eur,312.67,1601555673.049429,312.67,13.56,312.68,3.31436313,311.11431
Kraken,btc_eur,9259.2,1601555676.155406,9259.1,0.05299336,9259.2,0.02225976,9244.71819
Kraken,btc_usd,10885.0,1601555678.922785,10884.9,10.90972241,10885.0,3.59642157,10853.74453
Kraken,btc_usd,10885.0,1601555681.04371,10884.9,10.90972241,10885.0,3.49717653,10853.74684
Kraken,btc_eur,9259.1,1601555684.074857,9259.0,0.36193895,9259.1,0.50302248,9244.71831
Kraken,btc_eur,9259.1,1601555687.23751,9259.0,0.62693895,9259.1,0.47551502,9244.71846
Kraken,btc_eur,9259.1,1601555687.658671,9259.0,0.62693895,9259.1,0.44829622,9244.71864
Kraken,btc_eur,9259.3,1601555688.089356,9259.1,0.305,9259.3,0.68432118,9244.71867
Kraken,btc_eur,9259.4,1601555688.564807,9259.1,0.305,9259.4,0.66614544,9244.71882
Kraken,btc_eur,9259.1,1601555688.980388,9259.1,0.16607875,9259.7,0.68909344,9244.7197
Kraken,btc_eur,9259.9,1601555696.545692,9259.9,3.22189216,9260.0,0.50806721,9244.72015
Kraken,btc_eur,9260.0,1601555696.978284,9259.9,3.7900938,9260.0,0.5053556,9244.72017
Kraken,btc_eur,9260.0,1601555700.908904,9259.9,4.87906931,9260.0,0.49159061,9244.72026
Kraken,eth_usd,367.87,1601555701.275707,367.73,26.88210825,367.87,12.68462604,363.20438
Kraken,eth_eur,312.86,1601555704.127076,312.81,8.01081868,312.86,0.57,311.11443
Kraken,eth_eur,312.89,1601555704.146536,312.81,8.01081868,312.89,17.76849594,311.11478
Kraken,btc_eur,9259.9,1601555705.59142,9259.9,4.87657931,9260.0,0.49650445,9244.72028
Kraken,btc_eur,9260.0,1601555709.383797,9259.9,4.47657931,9260.0,0.48790834,9244.72034
Kraken,btc_usd,10885.0,1601555712.5668,10884.9,12.16032663,10885.0,3.49304573,10853.74694
Kraken,btc_eur,9260.0,1601555713.22071,9259.9,4.47657931,9260.0,0.18777892,9244.72232
Kraken,btc_eur,9260.0,1601555715.51401,9259.9,4.47657931,9260.0,0.18241959,9244.72236
Kraken,eth_eur,312.81,1601555735.367113,312.81,18.39419848,312.84,30.0,311.11499
Kraken,eth_eur,312.84,1601555738.198079,312.82,3.875,312.84,1.67170107,311.11516
Kraken,eth_eur,312.87,1601555738.425858,312.82,3.875,312.87,20.06366823,311.11538
Kraken,btc_eur,9260.0,1601555738.708951,9259.9,4.87657931,9260.0,0.15649959,9244.72253
Kraken,btc_usd,10885.0,1601555738.835562,10884.9,16.23081135,10885.0,3.48904292,10853.74703
Kraken,eth_usd,367.87,1601555752.974223,367.84,14.0,367.87,45.44409073,363.20714
Kraken,eth_eur,312.78,1601555759.257298,312.74,30.0,312.78,31.12443301,311.11567
Kraken,eth_eur,312.63,1601555763.593008,312.63,50.37444124,312.7,0.1641096,311.11567
Kraken,btc_eur,9260.0,1601555765.764502,9259.9,5.93170624,9260.0,4.09151294,9244.7228
Kraken,btc_usd,10885.0,1601555771.657377,10884.9,9.85353009,10885.0,3.48491126,10853.74713
Kraken,btc_eur,9261.4,1601555775.05129,9259.9,6.61670624,9261.4,0.63036243,9244.72584
Kraken,btc_eur,9261.1,1601555778.45623,9260.0,0.995,9261.1,1.99140389,9244.72591
Kraken,btc_eur,9261.4,1601555781.085101,9260.3,0.995,9261.4,0.61201583,9244.72604
Kraken,btc_eur,9261.2,1601555781.555671,9260.3,0.995,9261.2,1.97620424,9244.72621
Kraken,btc_eur,9261.2,1601555781.975835,9260.3,0.995,9261.2,1.95389434,9244.72638
Kraken,btc_eur,9261.0,1601555782.414797,9260.3,0.995,9261.0,0.66288737,9244.72656
Kraken,btc_eur,9260.3,1601555782.847899,9260.3,0.98340453,9260.9,0.68899524,9244.72664
Kraken,btc_usd,10885.0,1601555788.837252,10884.9,16.68114263,10885.0,3.46933126,10853.74749
Kraken,btc_eur,9260.4,1601555789.247647,9260.4,0.74113,9260.5,0.51584112,9244.72839
Kraken,btc_eur,9260.5,1601555794.390014,9260.4,0.74113,9260.5,0.49631656,9244.72842
Kraken,eth_usd,367.84,1601555798.143474,367.84,17.63456415,367.85,2.0,363.20728
Kraken,btc_eur,9260.0,1601555803.139648,9260.0,0.5302938,9261.6,0.4,9244.73743
Kraken,btc_eur,9261.1,1601555804.596165,9260.0,0.5302938,9261.1,1.88,9244.73829
Kraken,btc_eur,9261.1,1601555805.343304,9260.0,0.5302938,9261.1,1.85713431,9244.73846
Kraken,eth_usd,367.85,1601555811.959782,367.84,38.02448722,367.85,1.88029124,363.2073
Kraken,eth_eur,312.92,1601555823.277437,312.88,13.035,312.92,20.35507818,311.11567
Kraken,eth_eur,312.95,1601555823.684684,312.9,38.17492828,312.95,19.6562479,311.11581
Kraken,btc_usd,10885.0,1601555826.881625,10884.9,41.39030293,10885.0,2.96933126,10853.75912
Kraken,btc_eur,9265.2,1601555831.288067,9264.3,0.0100469,9265.2,0.2610465,9244.73972
Kraken,btc_eur,9265.2,1601555831.298907,9264.3,0.0100469,9265.2,0.25899512,9244.73973
Kraken,btc_eur,9265.2,1601555831.304951,9264.3,0.0100469,9265.2,0.25276375,9244.73979
Kraken,btc_usd,10885.0,1601555831.681915,10884.9,41.89030293,10885.0,2.96519917,10853.75922
Kraken,btc_usd,10885.0,1601555833.183684,10884.9,43.72753934,10885.0,2.9588211,10853.75937
Kraken,btc_usd,10885.0,1601555833.209045,10884.9,43.72753934,10890.0,0.03571469,10853.82802
Kraken,btc_eur,9266.4,1601555840.08718,9266.3,0.0100469,9266.4,2.15045119,9244.74422
Kraken,eth_eur,312.99,1601555845.016051,312.99,54.09879828,313.0,0.5,311.11581
Kraken,btc_eur,9266.3,1601555855.128149,9266.3,0.05169112,9266.4,0.00459265,9244.74522
Kraken,btc_eur,9266.5,1601555856.207991,9266.3,0.74022713,9266.5,0.20659189,9244.74535
Kraken,btc_eur,9266.5,1601555858.863921,9266.4,0.46886232,9266.5,0.19800171,9244.74543
Kraken,eth_eur,313.0,1601555860.350471,312.99,60.09879828,313.0,0.46828916,311.11582
Kraken,eth_eur,313.0,1601555862.949597,312.99,92.22410042,313.0,0.15197934,311.11585
Kraken,btc_eur,9268.6,1601555864.427595,9266.4,4.40453034,9268.6,8.11466538,9244.75574
Kraken,btc_eur,9268.6,1601555865.418354,9267.3,0.0100469,9268.6,8.11366538,9244.75575
Kraken,btc_eur,9268.6,1601555867.660108,9268.5,3.32970492,9268.6,8.08997865,9244.756
Kraken,btc_eur,9268.6,1601555868.080056,9268.5,3.32970492,9268.6,8.08461127,9244.75605
Kraken,btc_eur,9268.6,1601555868.510916,9268.5,3.32970492,9268.6,8.05666286,9244.75635
Kraken,btc_eur,9268.5,1601555868.931187,9268.5,2.89745903,9268.6,8.05666286,9244.76086
Kraken,btc_eur,9268.5,1601555873.767137,9268.5,3.14688316,9270.1,0.02453732,9244.76095
Kraken,btc_usd,10890.0,1601555879.532759,10889.9,31.75920243,10890.0,0.00071469,10853.82896
Kraken,btc_usd,10894.0,1601555886.91562,10889.9,45.78921436,10894.0,0.39658564,10853.82908
Kraken,btc_eur,9270.0,1601555890.149548,9269.1,0.0100469,9270.0,2.32719914,9244.76198
Kraken,btc_eur,9268.3,1601555891.76569,9268.3,1.24783261,9269.3,0.5,9244.76786
Kraken,btc_usd,10896.5,1601555894.024403,10896.5,4.01512986,10896.6,0.538,10853.86075
Kraken,btc_eur,9268.5,1601555898.243666,9268.4,0.05852886,9268.5,0.61327421,9244.7679
Kraken,btc_eur,9268.4,1601555898.365678,9268.4,0.04016886,9268.5,0.61327421,9244.76809
Kraken,btc_eur,9268.5,1601555903.472313,9268.4,0.04016886,9268.5,0.85989421,9244.76987
Kraken,btc_eur,9267.4,1601555911.082768,9267.4,0.03261667,9267.5,0.52588802,9244.76995
Kraken,btc_eur,9267.5,1601555911.087889,9267.4,0.03261667,9267.5,0.51722848,9244.77003
Kraken,btc_eur,9266.8,1601555915.689512,9266.8,0.74269593,9267.5,0.51722848,9244.77049
Kraken,btc_eur,9267.6,1601555918.942196,9267.6,0.67931486,9268.5,2.535,9244.77058
Kraken,btc_eur,9267.6,1601555919.881753,9267.6,0.63039433,9268.5,2.535,9244.77107
Kraken,btc_eur,9267.4,1601555931.509447,9267.3,0.00946264,9267.4,2.51577002,9244.77117
Kraken,eth_usd,367.97,1601555933.24032,367.97,1.56435676,368.1,7.695,363.20741
Kraken,btc_eur,9267.4,1601555937.099016,9267.3,0.00946264,9267.4,3.6131933,9244.7712
Kraken,eth_eur,313.0,1601555937.218366,312.99,27.15197986,313.09,21.1,311.11589
Kraken,btc_eur,9267.4,1601555943.062822,9267.3,0.00946264,9267.4,4.1410133,9244.77126
Kraken,eth_usd,368.07,1601555944.154059,368.01,20.37831684,368.07,1.93,363.20785
Kraken,btc_eur,9263.7,1601555948.092931,9263.7,0.22122769,9267.4,4.82983114,9244.78152
Kraken,eth_eur,312.99,1601555952.5763,312.95,28.87108912,313.08,0.1641096,311.12104
Kraken,btc_eur,9264.6,1601555954.18754,9263.0,0.5,9264.6,0.86217563,9244.80341
Kraken,btc_eur,9265.0,1601555957.688747,9264.9,0.41317995,9265.0,0.67977866,9244.8036
Kraken,btc_eur,9265.0,1601555958.110158,9264.9,0.41317995,9265.0,0.65506102,9244.80382
Kraken,btc_eur,9264.9,1601555958.594701,9264.9,0.37321771,9265.0,0.65506102,9244.80417
Kraken,btc_eur,9264.9,1601555965.256293,9264.9,0.71805271,9265.0,0.65506102,9244.80457
Kraken,btc_eur,9269.5,1601555976.154416,9269.4,1.75043674,9269.5,0.02300193,9244.80467
Kraken,btc_eur,9269.4,1601555979.41441,9269.4,1.89295251,9269.5,0.02300193,9244.80469
Kraken,eth_usd,367.98,1601555989.768234,367.9,2.03095036,367.98,10.15945106,363.20794
Kraken,btc_eur,9269.5,1601555991.499644,9269.4,0.45992808,9269.5,0.01541393,9244.80477
Kraken,eth_eur,312.96,1601555992.999103,312.9,1.7,312.96,2.2,311.12118
Kraken,eth_usd,367.98,1601556002.124742,367.88,2.03118504,367.98,20.12988978,363.20799
Kraken,eth_eur,312.95,1601556005.72874,312.94,29.40147938,312.95,3.32499055,311.12141
Kraken,btc_eur,9264.8,1601556006.792271,9264.0,0.52002096,9264.8,0.00881302,9244.80481
Kraken,eth_eur,312.94,1601556007.050181,312.94,4.69307,312.99,5.36410908,311.1249
Kraken,btc_eur,9264.7,1601556007.507435,9264.6,0.5,9264.7,0.4673772,9244.80483
Kraken,eth_eur,312.99,1601556007.670053,312.94,4.69307,312.99,1.10821868,311.12541
Kraken,btc_eur,9264.7,1601556008.338083,9264.6,0.5,9264.7,0.45695571,9244.80502
Kraken,eth_usd,368.04,1601556008.775658,367.96,0.64522072,368.04,29.78992,363.20804
Kraken,btc_eur,9265.9,1601556015.567687,9265.8,2.52505641,9265.9,0.67625012,9244.80514
Kraken,btc_eur,9265.8,1601556015.776147,9265.8,2.50283303,9265.9,0.67625012,9244.80534
Kraken,btc_eur,9267.6,1601556017.651688,9266.7,0.02001513,9267.6,0.68016151,9244.80543
Kraken,eth_usd,368.01,1601556027.676544,368.01,0.62522072,368.07,9.586,363.20804
Kraken,btc_usd,10896.6,1601556030.076449,10896.5,1.20175954,10896.6,7.11108474,10853.86111
Kraken,btc_eur,9267.4,1601556031.032555,9267.3,0.02001384,9267.4,2.89205118,9244.80551
Kraken,btc_eur,9265.6,1601556035.609029,9265.6,0.18446045,9267.4,2.49205118,9244.80767
Kraken,btc_eur,9267.6,1601556043.86728,9266.5,0.52505641,9267.6,0.25262885,9244.85692
Kraken,btc_eur,9269.0,1601556046.32085,9267.7,0.02505641,9269.0,1.97639542,9244.85717
Kraken,btc_eur,9269.0,1601556046.728679,9267.4,0.02505641,9269.0,1.95265589,9244.85742
Kraken,btc_eur,9269.0,1601556047.219095,9267.4,0.02505641,9269.0,1.94732125,9244.85747
Kraken,btc_eur,9269.0,1601556047.692432,9267.4,0.02505641,9269.0,3.10565162,9244.85771
Kraken,btc_eur,9269.0,1601556048.119767,9267.4,0.02505641,9269.0,3.08077658,9244.85797
Kraken,btc_eur,9269.0,1601556048.617499,9267.4,0.02505641,9269.0,3.06023933,9244.85819
Kraken,btc_eur,9268.3,1601556056.8464,9266.2,0.02505641,9268.3,0.24477635,9244.8584
Kraken,btc_eur,9266.3,1601556057.848589,9266.2,0.02505641,9266.3,0.49398856,9244.85846
Kraken,eth_usd,368.04,1601556060.922744,368.04,0.3287955,368.07,9.586,363.20811
Kraken,btc_eur,9269.5,1601556062.591562,9267.7,0.02505641,9269.5,1.00762581,9244.8585
Kraken,btc_eur,9269.5,1601556063.990301,9269.3,2.0,9269.5,0.00607642,9244.85856
Kraken,eth_eur,312.99,1601556077.024204,312.98,133.02679296,312.99,0.9859741,311.12542
Kraken,btc_eur,9271.0,1601556077.693684,9269.4,3.4965249,9271.0,0.00875925,9244.85865
Kraken,btc_eur,9271.9,1601556083.018843,9270.9,3.39005641,9271.9,0.23734656,9244.8589
Kraken,btc_eur,9271.9,1601556084.906434,9271.1,0.02505641,9271.9,0.23536549,9244.85892
Kraken,btc_eur,9271.4,1601556086.107797,9271.4,0.01972117,9271.9,0.23536549,9244.85898
Kraken,eth_eur,313.15,1601556092.214159,312.98,129.02679296,313.15,1.15713798,311.12603
Kraken,btc_eur,9274.0,1601556097.501114,9273.9,0.66738879,9274.0,1.17981878,9244.85909
Kraken,btc_eur,9275.3,1601556098.443041,9273.9,0.66738879,9275.3,0.58282345,9244.8979
Kraken,eth_usd,368.07,1601556101.434348,368.06,129.2911144,368.07,4.586,363.20922
Kraken,btc_eur,9275.3,1601556101.680045,9274.3,0.68836532,9275.3,0.5779154,9244.89796
Kraken,eth_usd,368.07,1601556108.957048,368.06,129.2911144,368.07,2.386,363.20971
Kraken,btc_eur,9273.4,1601556116.236046,9273.3,0.941194,9273.4,0.89732403,9244.898
Kraken,btc_usd,10896.6,1601556122.461814,10896.5,22.79981573,10896.6,0.01536112,10853.86183
Kraken,btc_eur,9276.0,1601556124.499265,9275.9,3.09171082,9276.0,0.03751007,9244.89815
Kraken,btc_eur,9276.0,1601556124.891592,9275.9,5.09171082,9276.0,0.03251007,9244.89822
Kraken,eth_eur,313.34,1601556125.528936,313.19,95.20776628,313.34,19.09757842,311.12738
Kraken,btc_usd,10896.6,1601556125.80503,10896.5,25.13472992,10896.6,0.00168807,10853.86227
Kraken,btc_eur,9276.0,1601556126.794626,9275.9,5.09171082,9276.0,0.00051007,9244.89865
Kraken,eth_eur,313.35,1601556129.148243,313.31,30.0,313.35,15.92078279,311.12739
Kraken,btc_eur,9277.0,1601556129.276782,9275.9,5.11316427,9277.0,0.02954214,9244.89868
Kraken,btc_usd,10896.6,1601556131.057864,10896.5,26.77372992,10897.0,0.00153624,10853.86232
Kraken,btc_eur,9276.9,1601556131.433471,9276.9,3.18797507,9277.0,0.02954214,9244.89885
Kraken,btc_usd,10899.0,1601556131.585412,10896.9,14.58411706,10899.0,0.00056002,10853.86245
Kraken,btc_eur,9276.9,1601556131.938699,9276.9,3.17582507,9277.0,0.02954214,9244.89902
Kraken,eth_eur,313.27,1601556135.985163,313.27,13.98607236,313.33,30.0,311.12823
Kraken,btc_eur,9277.0,1601556136.155613,9276.9,5.06701907,9277.0,0.0295824,9244.89936
Kraken,eth_usd,368.22,1601556136.667781,368.06,160.55390179,368.22,4.40106525,363.21113
Kraken,btc_eur,9277.0,1601556141.243512,9276.9,5.46701907,9277.0,0.03315195,9244.89948
Kraken,btc_eur,9276.9,1601556142.231538,9276.9,5.45805907,9277.0,0.03315195,9244.8996
Kraken,eth_usd,368.27,1601556143.243955,368.27,0.40699474,368.4,23.87004065,363.21115
Kraken,btc_eur,9277.0,1601556144.629215,9276.9,5.45805907,9277.0,0.00289414,9244.90003
Kraken,btc_eur,9277.6,1601556145.081129,9276.9,5.45805907,9277.6,0.23098838,9244.90034
Kraken,btc_eur,9277.6,1601556145.758197,9277.5,2.50541217,9277.6,0.2019526,9244.90075
Kraken,btc_eur,9277.6,1601556146.182808,9277.5,2.50541217,9277.6,0.19794331,9244.90081
Kraken,btc_eur,9277.6,1601556146.66854,9277.5,2.50541217,9277.6,0.17821088,9244.90109
Kraken,btc_eur,9277.5,1601556147.066132,9277.5,2.43697729,9277.6,0.17821088,9244.90207
Kraken,btc_eur,9277.7,1601556154.656812,9277.6,4.14665617,9277.7,0.60621346,9244.90923
Kraken,btc_eur,9277.7,1601556155.860743,9277.6,5.08785017,9277.7,0.60086395,9244.90931
Kraken,btc_usd,10901.6,1601556157.521778,10898.9,25.37663956,10901.6,0.02467563,10853.86261
Kraken,btc_usd,10901.6,1601556158.119094,10901.5,5.18669764,10901.6,0.01767563,10853.86285
Kraken,btc_eur,9277.7,1601556166.073251,9277.6,0.941194,9277.7,3.51141008,9244.90935
Kraken,btc_eur,9277.7,1601556167.210006,9277.6,0.941194,9277.7,1.48996056,9244.90966
Kraken,btc_eur,9277.7,1601556176.889937,9277.6,0.941194,9277.7,3.48202398,9244.90977
Kraken,eth_eur,313.2,1601556179.46707,313.2,49.46996988,313.27,30.0,311.12834
Kraken,btc_eur,9277.6,1601556198.58987,9277.6,0.71720063,9277.7,11.19898781,9244.91297
Kraken,btc_usd,10901.6,1601556198.83727,10901.5,5.56857,10901.6,0.28483206,10853.87079
Kraken,eth_eur,313.12,1601556202.63996,313.08,0.19053369,313.12,56.26567255,311.12836
Kraken,btc_eur,9277.7,1601556204.274184,9277.6,0.71720063,9277.7,11.58615273,9244.91316
Kraken,btc_eur,9277.7,1601556207.502987,9277.6,0.71720063,9277.7,11.59721403,9244.91353
Kraken,eth_usd,368.07,1601556210.416063,368.07,5.7,368.11,0.20071929,363.2121
Kraken,btc_eur,9277.6,1601556210.59041,9271.8,0.01165733,9277.7,11.59721403,9244.92377
Kraken,btc_usd,10901.6,1601556210.729794,10901.5,5.233,10901.6,0.75604944,10853.89617
Kraken,btc_eur,9270.4,1601556223.389968,9268.6,0.44,9270.4,0.25445352,9244.92387
Kraken,btc_eur,9269.9,1601556227.479105,9269.8,0.05487057,9269.9,0.15149983,9244.92505
Kraken,btc_usd,10897.6,1601556231.977541,10897.6,0.45057,10897.7,0.5967403,10853.89877
Kraken,btc_eur,9270.0,1601556233.62977,9269.8,0.48737349,9270.0,0.17004686,9244.93082
Kraken,btc_usd,10899.0,1601556236.464276,10897.6,0.45057,10899.0,1.4146903,10853.93155
Kraken,btc_eur,9270.5,1601556238.681215,9270.4,0.05141501,9270.5,0.57206083,9244.93112
Kraken,btc_eur,9270.5,1601556239.115134,9270.4,0.05141501,9270.5,0.54851628,9244.93138
Kraken,btc_eur,9270.5,1601556239.54894,9270.4,0.60650485,9270.5,0.54376466,9244.93144
Kraken,btc_eur,9270.5,1601556243.744438,9270.4,0.975,9270.5,0.03517782,9244.93153
Kraken,btc_eur,9270.5,1601556244.157678,9270.4,0.975,9270.5,0.01781982,9244.93173
Kraken,btc_usd,10897.7,1601556246.931484,10897.6,0.80352942,10897.7,0.45810781,10853.93169
Kraken,btc_eur,9270.6,1601556247.085774,9270.4,2.975,9270.6,0.68296686,9244.93199
Kraken,btc_eur,9270.0,1601556253.24367,9270.0,0.01374671,9270.6,2.61794,9244.93221
Kraken,btc_eur,9268.5,1601556253.314615,9268.5,1.02797006,9270.6,2.11794,9244.95714
Kraken,btc_eur,9269.1,1601556254.907911,9269.0,0.5,9269.1,0.4257,9244.95792
Kraken,eth_usd,368.08,1601556256.683652,368.07,6.14450142,368.08,32.17433361,363.21874
Kraken,btc_eur,9269.0,1601556262.133289,9269.0,0.725,9270.0,0.6886257,9244.95844
Kraken,btc_eur,9270.0,1601556263.016706,9269.1,0.585,9270.0,2.6686257,9244.95866
Kraken,btc_usd,10897.7,1601556266.809923,10897.6,0.115,10897.7,1.843527,10853.93493
Kraken,btc_eur,9269.1,1601556272.563312,9269.1,0.9253,9269.2,1.17121681,9244.95871
Kraken,btc_eur,9267.7,1601556274.806805,9267.6,0.05935,9267.7,2.62825395,9244.95878
Kraken,btc_eur,9267.7,1601556279.538487,9267.6,0.55935,9267.7,1.08,9244.95897
Kraken,btc_eur,9268.2,1601556297.092913,9268.1,1.245,9268.2,0.66872319,9244.95918
Kraken,btc_eur,9269.1,1601556305.244783,9269.0,0.110575,9269.1,0.64847025,9244.9596
Kraken,eth_eur,313.0,1601556307.686301,312.97,6.505,313.0,16.56809034,311.1288
Kraken,eth_eur,313.12,1601556310.597043,313.1,8.33903788,313.12,2.01139919,311.1335
Kraken,btc_eur,9268.6,1601556318.512355,9268.0,0.05,9268.6,0.68010268,9244.95969
Kraken,btc_eur,9268.1,1601556323.740062,9268.0,0.05,9268.1,1.15798912,9244.96
Kraken,btc_eur,9268.1,1601556330.572601,9268.0,1.18271851,9268.1,1.13798912,9244.9602
Kraken,btc_eur,9268.1,1601556343.514425,9268.0,1.4214,9268.1,3.44330161,9244.9603
Kraken,btc_eur,9268.1,1601556346.536332,9268.0,1.4214,9268.1,3.42330161,9244.96051
Kraken,btc_usd,10896.8,1601556351.804941,10896.7,3.79547676,10896.8,2.0333342,10853.93603
Kraken,btc_eur,9268.1,1601556351.905842,9268.0,1.4214,9268.1,1.39954694,9244.96075
Kraken,btc_eur,9268.1,1601556352.329332,9268.0,1.4214,9268.1,1.37735733,9244.96097
Kraken,btc_eur,9268.1,1601556352.763301,9268.0,1.4214,9268.1,1.35519288,9244.96119
Kraken,btc_eur,9268.1,1601556353.181471,9268.0,1.4214,9268.1,1.33206491,9244.96143
Kraken,btc_eur,9268.0,1601556358.868791,9268.0,0.8302,9268.1,1.44569308,9244.96736
Kraken,btc_eur,9268.1,1601556360.412291,9268.0,0.8302,9268.1,1.37808432,9244.96805
Kraken,btc_eur,9268.1,1601556363.22822,9268.0,0.8302,9268.1,3.35808432,9244.96825
Kraken,btc_eur,9268.1,1601556364.20635,9268.0,0.8302,9268.1,3.3476512,9244.96835
Kraken,btc_eur,9268.0,1601556368.093068,9268.0,0.93112962,9268.1,1.45373473,9244.96845
Kraken,btc_eur,9268.0,1601556369.349153,9268.0,0.91572962,9268.1,1.45373473,9244.9686
Kraken,btc_eur,9268.1,1601556378.064278,9268.0,0.80565036,9268.1,3.15983473,9244.97156
Kraken,btc_eur,9268.1,1601556382.7128,9268.0,0.80565036,9268.1,3.15495234,9244.97161
Kraken,btc_usd,10896.8,1601556385.408958,10896.7,3.79547676,10896.8,4.25556802,10853.93752
Kraken,eth_eur,312.98,1601556391.844855,312.98,56.28804996,313.03,2.695,311.13351
Kraken,eth_usd,368.07,1601556392.936244,368.07,5.28047328,368.08,62.10292884,363.21883
Kraken,btc_usd,10896.8,1601556393.923611,10896.7,5.64511717,10896.8,2.82536027,10853.96894
Kraken,btc_eur,9268.1,1601556394.529878,9268.0,1.34158528,9268.1,2.86898254,9244.97182
Kraken,btc_eur,9268.1,1601556398.096696,9268.0,1.34158528,9268.1,0.2496378,9244.97202
Kraken,btc_eur,9268.0,1601556398.844186,9268.0,1.49955801,9268.1,2.93841362,9244.97204
Kraken,eth_eur,312.98,1601556400.407945,312.98,47.03118237,313.01,3.545,311.13389
Kraken,btc_eur,9268.0,1601556400.433354,9268.0,1.2238726,9268.1,2.93841362,9244.97285
Kraken,btc_eur,9268.1,1601556412.597063,9268.0,1.2238726,9268.1,2.83979269,9244.97287
Kraken,btc_eur,9268.1,1601556414.755476,9268.0,1.25980752,9268.1,0.81979269,9244.97307
Kraken,eth_usd,368.07,1601556418.448001,368.07,4.98047328,368.08,62.10292884,363.2189
Kraken,btc_eur,9268.1,1601556425.374383,9268.0,1.25980752,9268.1,0.80607299,9244.97321
Kraken,btc_eur,9268.0,1601556426.789848,9268.0,1.25583752,9268.1,0.80607299,9244.97325
Kraken,btc_eur,9268.1,1601556431.180125,9268.0,1.23034403,9268.1,2.70201399,9244.9743
Kraken,eth_usd,368.08,1601556434.198947,368.07,5.4249747,368.08,30.10292884,363.22596
Kraken,btc_eur,9268.0,1601556437.328342,9268.0,1.24917839,9268.1,0.70201399,9244.97446
Kraken,btc_eur,9268.1,1601556437.584584,9268.0,1.61917839,9268.1,0.69665934,9244.97452
Kraken,btc_eur,9268.1,1601556439.417745,9268.0,1.61917839,9268.1,0.6578901,9244.97491
Kraken,btc_eur,9268.1,1601556439.920295,9268.0,1.65303861,9268.1,0.63871189,9244.9751
Kraken,btc_eur,9268.1,1601556440.356809,9268.0,1.65303861,9268.1,0.60425034,9244.97545
Kraken,btc_eur,9268.1,1601556440.783673,9268.0,1.65303861,9268.1,0.5654811,9244.97584
Kraken,btc_eur,9268.1,1601556441.238505,9268.0,1.65303861,9268.1,0.54335189,9244.97606
Kraken,btc_eur,9268.1,1601556441.679264,9268.0,1.68897353,9268.1,0.30831427,9244.97641
Kraken,btc_eur,9268.1,1601556442.126814,9268.0,1.68897353,9268.1,0.27385272,9244.97676
Kraken,btc_eur,9268.1,1601556442.568092,9268.0,1.68897353,9268.1,0.24800656,9244.97702
Kraken,btc_eur,9268.1,1601556442.995575,9268.0,1.68897353,9268.1,0.22537826,9244.97725
Kraken,btc_eur,9268.1,1601556443.412264,9268.0,1.68897353,9268.1,0.19091671,9244.97759
Kraken,btc_eur,9268.1,1601556444.066451,9268.0,1.68897353,9268.1,0.16711819,9244.97783
Kraken,btc_eur,9268.0,1601556444.557169,9268.0,1.52353234,9268.1,0.16711819,9244.97949
Kraken,btc_eur,9268.7,1601556447.440541,9268.0,1.52470006,9268.7,0.23915774,9244.98284
Kraken,eth_eur,313.05,1601556448.544035,313.01,6.0,313.05,18.83174795,311.13407
Kraken,eth_eur,313.01,1601556454.336481,313.01,20.27433012,313.07,20.38694935,311.13408
Kraken,btc_eur,9268.4,1601556456.132786,9268.3,0.5,9268.4,0.66994764,9244.98303
Kraken,btc_eur,9268.7,1601556463.850732,9268.6,1.57093492,9268.7,0.10744168,9244.98312
Kraken,eth_eur,313.06,1601556464.843049,312.99,6.0,313.06,29.92074062,311.13409
Kraken,btc_usd,10898.6,1601556473.75995,10898.1,0.68854666,10898.7,0.47391531,10854.04746
Kraken,eth_eur,313.23,1601556476.718202,313.23,5.14210698,313.31,20.37398313,311.1345
Kraken,btc_eur,9272.1,1601556481.816441,9272.0,0.53593492,9272.1,0.84970895,9244.98344
Kraken,btc_eur,9272.1,1601556488.23141,9272.0,0.75,9272.1,0.65979022,9244.98378
Kraken,btc_usd,10899.6,1601556491.465734,10899.5,0.52739329,10899.6,0.495,10854.0478
Kraken,eth_eur,313.28,1601556493.817216,313.2,4.6,313.28,46.8592966,311.13647
Kraken,btc_eur,9269.6,1601556498.313323,9268.5,0.19,9269.6,0.67239685,9244.98395
Kraken,eth_usd,368.11,1601556502.232844,368.11,14.92066711,368.2,0.20071929,363.22717
Kraken,btc_eur,9269.1,1601556502.689947,9268.0,0.65470006,9269.1,0.21591277,9244.98892
Kraken,btc_eur,9270.2,1601556505.031252,9270.1,0.5,9270.2,0.67585813,9244.98906
Kraken,btc_eur,9270.2,1601556506.170524,9270.1,0.5,9270.2,0.67047884,9244.98912
Kraken,btc_eur,9270.1,1601556507.013744,9270.1,1.92661313,9270.7,0.68859457,9244.98992
Kraken,eth_eur,313.12,1601556510.042357,313.12,35.45387051,313.16,0.79923272,311.13651
Kraken,eth_eur,313.17,1601556511.670267,313.12,29.63387051,313.17,6.14814705,311.13763
Kraken,btc_usd,10896.8,1601556514.791827,10896.7,7.44648534,10896.8,1.08403,10854.0483
Kraken,btc_usd,10896.8,1601556521.915247,10896.7,6.4953982,10896.8,0.38867041,10854.07041
Kraken,btc_eur,9270.8,1601556526.540892,9269.6,2.68860608,9270.8,0.39141325,9244.99001
Kraken,btc_eur,9271.5,1601556534.377132,9270.8,0.92,9271.5,0.02306188,9244.99544
Kraken,btc_eur,9271.8,1601556538.331923,9271.4,0.53593492,9271.8,0.0616567,9245.00593
Kraken,btc_eur,9271.4,1601556540.70243,9271.4,0.33160492,9271.8,0.0616567,9245.00656
Kraken,btc_eur,9271.5,1601556541.654901,9270.1,2.0,9271.5,1.99835703,9245.00678
Kraken,btc_eur,9271.8,1601556542.372255,9271.7,0.5,9271.8,0.06445796,9245.00733
Kraken,btc_eur,9272.4,1601556543.918361,9272.2,0.5,9272.4,0.91506444,9245.00853
Kraken,btc_eur,9272.4,1601556544.266496,9272.3,0.5,9272.4,0.87241308,9245.00903
Kraken,btc_eur,9272.3,1601556544.272193,9272.3,0.4955101,9272.4,0.87241308,9245.00909
Kraken,btc_eur,9272.4,1601556546.968225,9272.3,1.0755101,9272.4,0.84990068,9245.00936
Kraken,btc_eur,9272.4,1601556547.401668,9272.3,1.0755101,9272.4,0.82920207,9245.0096
Kraken,btc_eur,9272.4,1601556547.851261,9272.3,1.0755101,9272.4,0.80637876,9245.00987
Kraken,eth_eur,313.25,1601556549.867929,313.25,7.9266896,313.26,13.50363374,311.1377
Kraken,btc_eur,9272.3,1601556551.092705,9272.3,1.07077155,9272.4,0.80637876,9245.00993
Kraken,btc_eur,9272.4,1601556552.890185,9272.3,1.07077155,9272.4,0.60637876,9245.01231
Kraken,btc_eur,9272.3,1601556558.595288,9272.3,1.06710866,9272.4,1.29492079,9245.01236
Kraken,btc_eur,9271.2,1601556569.706063,9270.9,0.05393,9271.2,0.6878867,9245.01247
Kraken,btc_eur,9271.2,1601556569.980542,9271.0,0.21,9271.2,0.6778867,9245.01258
Kraken,btc_eur,9271.7,1601556587.3079,9271.6,0.84,9271.7,0.66807027,9245.01282
Kraken,eth_usd,368.15,1601556590.963571,368.15,3.07074176,368.2,0.20071929,363.22817
Kraken,btc_eur,9271.7,1601556591.92105,9271.6,0.84,9271.7,0.65921827,9245.01292
Kraken,eth_eur,313.16,1601556600.876881,313.16,26.0,313.21,20.77473411,311.13819
Kraken,eth_eur,313.21,1601556602.930757,313.13,6.0,313.21,17.29765891,311.13863
Kraken,eth_eur,313.19,1601556605.19389,313.16,35.34,313.19,0.04980818,311.13865
Kraken,btc_eur,9271.7,1601556605.529948,9271.6,0.84,9271.7,0.65483697,9245.01297
Kraken,btc_eur,9271.7,1601556609.304334,9271.6,0.84,9271.7,0.65326657,9245.01299
Kraken,eth_usd,368.31,1601556609.482826,368.22,0.44450142,368.31,4.50588906,363.23391
Kraken,btc_eur,9271.7,1601556611.650223,9271.6,0.9,9271.7,0.64468131,9245.01309
Kraken,btc_eur,9271.9,1601556613.438743,9271.6,3.37144306,9271.9,0.58322803,9245.02473
Kraken,eth_eur,313.33,1601556613.731513,313.23,66.36750598,313.33,20.08953217,311.13868
Kraken,btc_eur,9272.2,1601556614.553863,9272.2,0.52937746,9272.3,0.77045,9245.02475
Kraken,btc_eur,9272.2,1601556619.683152,9272.2,0.49266221,9272.3,2.27045,9245.02482
Kraken,btc_usd,10898.9,1601556620.976065,10898.9,0.40761369,10899.0,0.34665971,10854.08168
Kraken,btc_eur,9270.9,1601556621.419567,9270.9,0.00817963,9271.6,0.68856573,9245.02533
Kraken,btc_eur,9270.9,1601556622.639767,9270.9,0.00290744,9271.4,0.555,9245.02539
Kraken,btc_eur,9270.9,1601556624.002657,9269.6,0.68854436,9271.1,0.00898373,9245.02542
Kraken,btc_eur,9270.7,1601556625.838457,9270.7,0.49472781,9270.8,0.00898373,9245.02548
Kraken,btc_eur,9272.0,1601556641.76742,9270.8,1.26,9272.0,0.22942471,9245.02575
Kraken,btc_eur,9271.6,1601556642.225456,9270.9,0.59,9271.6,0.00264327,9245.02582
Kraken,btc_eur,9270.9,1601556642.654965,9270.9,0.54044669,9271.6,0.00264327,9245.02638
Kraken,btc_usd,10901.3,1601556647.180556,10898.8,2.0404782,10901.3,0.1512986,10854.21704
Kraken,eth_usd,368.29,1601556650.209896,368.29,0.37076942,368.34,67.37037767,363.23393
Kraken,eth_usd,368.29,1601556658.660762,368.29,0.18563542,368.31,0.23758529,363.23398
Kraken,btc_eur,9272.3,1601556658.717977,9272.2,0.5,9272.3,1.64045,9245.03089
Kraken,btc_usd,10900.1,1601556666.685181,10900.0,0.00464041,10900.1,0.33143935,10854.21718
Kraken,btc_eur,9272.3,1601556669.841428,9272.2,0.81,9272.3,1.13393618,9245.03849
Kraken,btc_eur,9272.3,1601556670.278281,9272.2,0.81,9272.3,1.12456579,9245.0386
Kraken,btc_eur,9272.3,1601556671.541126,9272.2,0.81,9272.3,1.12263031,9245.03862
Kraken,btc_eur,9272.4,1601556682.726175,9272.3,0.36461329,9272.4,0.55646134,9245.03922
Kraken,btc_usd,10899.8,1601556687.160323,10897.0,5.001,10899.8,2.49305462,10854.33958
Kraken,btc_eur,9269.4,1601556699.386232,9269.3,2.5,9269.4,0.0657222,9245.03933
Kraken,btc_eur,9270.3,1601556703.122919,9270.2,1.24,9270.3,0.74582204,9245.03943
Kraken,btc_eur,9270.3,1601556708.979053,9270.2,1.24,9270.3,0.72582204,9245.03964
Kraken,btc_usd,10896.7,1601556720.825183,10896.7,1.092,10897.1,7.22177673,10854.37547
Kraken,btc_eur,9270.3,1601556723.62265,9270.2,0.5,9270.3,0.70795509,9245.03984
Kraken,btc_eur,9270.3,1601556724.358399,9269.2,2.0,9270.3,0.35694402,9245.04369
Kraken,btc_usd,10897.0,1601556726.266828,10896.9,0.00464041,10897.0,0.14690638,10854.3756
Kraken,btc_eur,9270.3,1601556731.486315,9270.2,2.53461329,9270.3,0.248878,9245.04488
Kraken,btc_eur,9270.3,1601556731.486864,9270.2,2.53461329,9270.3,0.06135416,9245.04493
Kraken,btc_eur,9270.3,1601556731.487223,9270.2,3.32461329,9270.3,0.0379556,9245.04519
Kraken,btc_eur,9270.3,1601556731.848164,9270.2,3.32461329,9270.3,0.03058388,9245.04527
Kraken,btc_eur,9270.8,1601556735.279162,9270.7,3.39461329,9270.8,0.01058388,9245.04549
Kraken,btc_usd,10897.6,1601556749.376157,10897.1,0.49148941,10897.6,0.18690638,10854.3838
Kraken,btc_usd,10897.1,1601556750.104568,10897.1,0.236849,10897.5,0.68864291,10854.39163
Kraken,btc_eur,9271.2,1601556752.08846,9271.1,3.63461329,9271.2,0.11118388,9245.04572
Kraken,btc_usd,10897.7,1601556759.560109,10897.1,0.00464041,10897.7,3.77976529,10854.3922
Kraken,btc_eur,9272.4,1601556760.084541,9271.6,3.63461329,9272.4,0.21620134,9245.05273
Kraken,btc_usd,10897.7,1601556761.437777,10897.6,0.87804596,10897.7,3.77276529,10854.39243
Kraken,btc_eur,9272.3,1601556762.819655,9272.3,3.45738184,9272.4,0.21620134,9245.05276
Kraken,btc_eur,9272.8,1601556763.664007,9272.3,3.45738184,9272.8,0.42357619,9245.05852
Kraken,eth_eur,313.27,1601556767.07559,313.26,3.99227,313.27,92.15206743,311.13872
Kraken,btc_eur,9273.0,1601556768.102025,9272.8,3.63461329,9273.0,0.00579084,9245.05877
Kraken,btc_usd,10897.7,1601556774.424444,10897.1,0.2,10897.7,4.45249489,10854.39271
Kraken,btc_eur,9272.5,1601556774.574334,9272.3,0.03461329,9272.5,0.67951524,9245.05887
Kraken,btc_eur,9272.3,1601556778.684928,9271.4,0.01337446,9272.3,0.30641594,9245.05898
Kraken,btc_eur,9273.1,1601556784.088046,9271.9,0.03461329,9273.1,0.67464147,9245.05922
Kraken,eth_eur,313.26,1601556784.098005,313.26,0.00635479,313.27,130.7166838,311.13924
Kraken,btc_eur,9271.8,1601556789.654677,9271.8,1.77282323,9273.0,2.0,9245.06186
Kraken,btc_eur,9271.5,1601556790.844647,9271.4,0.01337446,9271.5,0.24393949,9245.0622
Kraken,btc_usd,10896.7,1601556799.71058,10896.7,0.918,10897.0,2.0538478,10854.39814
Kraken,eth_eur,313.19,1601556801.149074,313.18,7.5,313.19,130.62129414,311.13964
Kraken,btc_eur,9271.4,1601556801.935854,9271.4,0.01108433,9271.5,4.53606429,9245.06223
Kraken,btc_eur,9271.5,1601556802.607681,9271.4,0.01108433,9271.5,4.53257034,9245.06227
Kraken,btc_eur,9271.5,1601556810.161885,9271.4,0.01108433,9271.5,4.77961031,9245.0625
Kraken,btc_usd,10896.7,1601556811.201698,10896.7,0.63124482,10896.8,5.17363375,10854.40703
Kraken,btc_usd,10896.7,1601556812.213899,10896.6,0.50305193,10896.8,5.17363375,10854.42659
Kraken,eth_usd,368.07,1601556813.438959,367.84,13.35434343,368.08,209.41187995,363.23507
Kraken,btc_eur,9271.5,1601556813.731189,9271.4,0.01108433,9271.5,6.74430919,9245.06275
Kraken,btc_eur,9271.5,1601556819.641729,9271.4,0.01108433,9271.5,11.73691236,9245.06298
Kraken,btc_eur,9271.5,1601556821.207503,9271.4,0.01108433,9271.5,11.77114694,9245.0633
Kraken,btc_eur,9271.5,1601556821.913549,9271.4,0.01108433,9271.5,11.89528485,9245.06359
Kraken,btc_eur,9271.5,1601556822.329256,9271.4,0.01108433,9271.5,11.88854137,9245.06378
Kraken,btc_eur,9271.5,1601556822.750835,9271.4,0.01108433,9271.5,11.87052853,9245.06418
Kraken,btc_eur,9271.5,1601556823.280955,9271.4,0.01108433,9271.5,11.4831268,9245.06443
Kraken,btc_eur,9268.0,1601556823.43882,9268.0,0.52383539,9271.5,11.50483844,9245.06646
Kraken,btc_eur,9268.1,1601556823.693385,9268.0,0.52383539,9268.1,0.18666311,9245.0665
Kraken,btc_eur,9268.1,1601556824.132448,9268.0,0.52383539,9268.1,2.2502897,9245.0667
Kraken,btc_eur,9268.1,1601556824.557617,9268.0,0.52383539,9268.1,2.63162075,9245.06692
Kraken,btc_eur,9268.1,1601556825.059725,9268.0,0.52383539,9268.1,3.3357336,9245.0676
Kraken,eth_usd,367.85,1601556829.121217,367.84,13.35434343,367.85,69.5968967,363.23522
Kraken,btc_usd,10896.6,1601556829.188856,10896.6,0.49911193,10896.7,5.32211495,10854.42672
Kraken,btc_eur,9268.1,1601556836.14196,9268.0,0.52383539,9268.1,5.03495298,9245.0678
Kraken,btc_eur,9268.1,1601556836.629899,9268.0,0.52383539,9268.1,4.99315715,9245.06842
Kraken,btc_eur,9268.1,1601556842.233732,9268.0,3.45844868,9268.1,0.8592506,9245.06907
Kraken,btc_usd,10896.6,1601556843.15239,10896.6,0.72711193,10896.7,6.7272824,10854.43203
Kraken,btc_eur,9268.0,1601556846.174639,9268.0,3.41681446,9268.1,0.38524439,9245.06948
Kraken,btc_eur,9268.0,1601556846.176935,9268.0,3.36284068,9268.1,0.38524439,9245.07002
Kraken,btc_eur,9268.1,1601556846.474598,9268.0,3.36284068,9268.1,0.38111767,9245.07006
Kraken,btc_eur,9268.1,1601556846.964135,9268.0,1.32822739,9268.1,2.58871766,9245.07487
Kraken,btc_eur,9268.1,1601556853.981766,9268.0,0.92822739,9268.1,0.95575762,9245.07545
Kraken,btc_eur,9268.1,1601556861.361069,9268.0,0.42822739,9268.1,3.16621602,9245.07565
Kraken,btc_usd,10896.6,1601556861.46201,10896.6,0.04035675,10896.7,10.2221157,10854.44089
Kraken,btc_eur,9268.1,1601556862.342935,9268.0,0.42822739,9268.1,3.65762742,9245.07574
Kraken,btc_usd,10896.5,1601556862.432085,10892.9,0.15,10896.7,10.6871157,10854.4422
Kraken,eth_eur,313.19,1601556866.64765,313.18,7.5,313.19,249.35826087,311.13966
Kraken,btc_eur,9268.1,1601556868.355818,9268.0,0.42822739,9268.1,2.99670475,9245.07894
Kraken,btc_usd,10893.0,1601556874.977088,10892.9,1.60713857,10893.0,6.51009853,10854.44721
Kraken,eth_usd,367.85,1601556876.480512,367.84,22.38588697,367.85,5.60260514,363.23537
Kraken,btc_eur,9268.1,1601556878.004632,9268.0,4.21161016,9268.1,0.25204495,9245.07909
Kraken,btc_eur,9268.1,1601556896.832772,9268.0,0.92822739,9268.1,0.99612691,9245.07912
Kraken,btc_usd,10893.0,1601556899.696778,10892.9,0.15,10893.0,7.38507201,10854.45272
Kraken,btc_eur,9268.0,1601556900.489419,9268.0,0.923832,9268.1,0.99612691,9245.07916
Kraken,btc_eur,9268.1,1601556904.23136,9268.0,0.923832,9268.1,0.98970272,9245.07923
Kraken,btc_usd,10893.0,1601556909.399857,10892.9,0.15,10893.0,13.07289132,10854.45298
Kraken,btc_usd,10893.0,1601556909.619875,10892.9,0.15,10893.0,13.07006018,10854.45306
Kraken,eth_eur,313.19,1601556913.371837,313.18,7.5,313.19,171.71874866,311.13967
Kraken,btc_eur,9268.1,1601556914.48677,9268.0,0.423832,9268.1,3.98073672,9245.07966
Kraken,eth_eur,313.19,1601556915.493681,313.18,7.5,313.19,124.84539052,311.13969
Kraken,btc_eur,9268.0,1601556917.589206,9268.0,0.42213649,9268.1,3.48499681,9245.07968
Kraken,btc_eur,9268.1,1601556919.060729,9268.0,0.42213649,9268.1,3.48343225,9245.0797
Kraken,btc_eur,9268.1,1601556925.423474,9268.0,0.42213649,9268.1,4.14930415,9245.07993
Kraken,btc_eur,9268.1,1601556925.973989,9268.0,0.42213649,9268.1,4.23972224,9245.07998
Kraken,btc_eur,9268.1,1601556933.746156,9268.0,0.42213649,9268.1,4.3582963,9245.0803
Kraken,btc_usd,10892.9,1601556935.907254,10891.0,4.33555842,10893.0,15.68706018,10854.45731
Kraken,btc_usd,10891.1,1601556939.889288,10891.0,4.33555842,10891.1,7.37079786,10854.45792
Kraken,btc_eur,9268.1,1601556941.756468,9268.0,0.42213649,9268.1,3.8769015,9245.08511
Kraken,btc_eur,9268.1,1601556952.553247,9268.0,0.42213649,9268.1,4.11134187,9245.0894
Kraken,btc_eur,9268.1,1601556955.878583,9268.0,0.42213649,9268.1,3.83265931,9245.08943
Kraken,btc_eur,9268.1,1601556960.056807,9268.0,0.42213649,9268.1,4.22865931,9245.08947
Kraken,btc_eur,9268.0,1601556962.446297,9268.0,0.40240074,9268.1,4.48472931,9245.08966
Kraken,eth_eur,313.18,1601556971.338959,313.18,7.24466347,313.19,154.34539052,311.13972
Kraken,btc_usd,10890.2,1601556974.538325,10890.1,1.35992807,10890.2,6.97896818,10854.45803
Kraken,btc_eur,9269.2,1601556976.550637,9269.2,0.43886438,9269.3,0.6890848,9245.09066
Kraken,btc_eur,9269.2,1601556976.554175,9269.2,0.43209086,9269.3,0.6890848,9245.09073
Kraken,btc_eur,9269.3,1601556989.345442,9269.2,0.795,9269.3,0.03111624,9245.09182
Kraken,btc_eur,9269.2,1601556993.174949,9269.2,0.793,9269.3,0.13473,9245.09184
Kraken,eth_eur,313.19,1601556994.62478,313.18,7.24466347,313.19,130.26025338,311.13976
Kraken,btc_eur,9269.3,1601557003.009081,9269.2,0.53461329,9269.3,0.01707034,9245.09267
Kraken,btc_eur,9269.2,1601557005.598423,9269.2,0.43399844,9269.3,0.15180034,9245.09336
Kraken,btc_eur,9269.3,1601557011.405374,9268.1,0.68911596,9269.3,1.98191223,9245.09373
Kraken,btc_eur,9269.3,1601557011.601325,9268.1,0.68911596,9269.3,1.97963523,9245.09375
Kraken,btc_eur,9269.3,1601557011.762524,9268.1,0.68911596,9269.3,1.95826632,9245.09398
Kraken,btc_eur,9269.2,1601557012.204208,9268.2,0.3,9269.2,0.65960682,9245.09429
Kraken,btc_eur,9269.2,1601557012.621898,9268.2,0.3,9269.2,0.63789812,9245.09451
Kraken,btc_eur,9268.3,1601557013.030422,9268.3,0.221805,9269.2,2.63789812,9245.09681
Kraken,btc_eur,9270.3,1601557017.561176,9268.5,2.43461329,9270.3,0.20776558,9245.10207
Kraken,btc_eur,9269.9,1601557024.264507,9269.8,1.48461329,9269.9,0.07884116,9245.10225
Kraken,btc_usd,10893.0,1601557027.599661,10892.9,5.16588397,10893.0,1.11382258,10854.45905
Kraken,btc_eur,9271.5,1601557030.941808,9271.4,5.06189866,9271.5,0.37447073,9245.10231
Kraken,btc_eur,9271.5,1601557032.822733,9271.4,5.06189866,9271.5,0.30726999,9245.10308
Kraken,btc_eur,9271.5,1601557033.734069,9271.4,5.06189866,9271.5,0.29921107,9245.10317
Kraken,btc_usd,10893.0,1601557036.936016,10892.9,18.02382316,10893.0,1.10984368,10854.45916
Kraken,btc_eur,9271.5,1601557037.152301,9271.4,5.06189866,9271.5,0.27828623,9245.10341
Kraken,eth_eur,313.25,1601557037.981452,313.25,107.32012821,313.26,1.01408479,311.13977
Kraken,btc_eur,9271.5,1601557057.446596,9271.4,6.31189866,9271.5,0.32494148,9245.10397
Kraken,btc_eur,9278.0,1601557063.191657,9271.4,5.37728537,9278.0,0.61990149,9245.13825
Kraken,btc_eur,9278.0,1601557063.200941,9271.4,5.37728537,9278.0,0.61680072,9245.13829
Kraken,btc_usd,10893.0,1601557063.207843,10892.9,17.62245937,10893.0,1.11053549,10854.45924
Kraken,btc_usd,10893.0,1601557064.751792,10892.9,17.73245937,10893.0,0.97010552,10854.4632
Kraken,btc_eur,9277.0,1601557071.592844,9276.9,4.83629097,9277.0,0.52561709,9245.13845
Kraken,btc_eur,9276.9,1601557074.377833,9276.9,3.84679097,9277.0,0.52561709,9245.1522
Kraken,btc_eur,9277.0,1601557074.630396,9276.9,4.48152097,9277.0,0.50352753,9245.1525
Kraken,btc_eur,9277.0,1601557083.968862,9276.9,4.19296021,9277.0,0.76536624,9245.1528
Kraken,btc_usd,10892.9,1601557094.096112,10892.9,16.89697251,10893.0,0.97010552,10854.48235
Kraken,btc_eur,9277.8,1601557094.116238,9277.8,0.57406891,9278.0,0.5,9245.16829
Kraken,btc_usd,10893.0,1601557094.94648,10892.9,17.57792251,10893.0,0.96598547,10854.48247
Kraken,eth_eur,313.33,1601557096.817014,313.26,20.37845652,313.33,15.21961637,311.14011
Kraken,btc_eur,9277.1,1601557103.884275,9277.0,0.26883702,9277.1,5.35515095,9245.1686
Kraken,btc_eur,9277.1,1601557104.356391,9277.0,0.26883702,9277.1,5.25723878,9245.1689
Kraken,btc_eur,9277.1,1601557104.849013,9277.0,0.84290593,9277.1,4.51514957,9245.1693
Kraken,btc_eur,9277.1,1601557104.900567,9277.0,0.84290593,9277.1,4.49422473,9245.16959
Kraken,btc_eur,9277.1,1601557105.294724,9277.0,1.47763593,9277.1,1.24240199,9245.1699
Kraken,btc_eur,9277.1,1601557105.719351,9277.0,1.47763593,9277.1,0.49740521,9245.17019
Kraken,btc_eur,9277.1,1601557106.149145,9277.0,1.20879891,9277.1,0.47456232,9245.17051
Kraken,btc_eur,9277.1,1601557107.909484,9277.0,3.68879891,9277.2,0.68865327,9245.17252
Kraken,eth_eur,313.27,1601557110.497251,313.25,0.35,313.27,29.73269237,311.14018
Kraken,btc_eur,9277.2,1601557110.742514,9277.1,0.80443585,9277.2,3.69865327,9245.17391
Kraken,btc_eur,9277.1,1601557117.8376,9277.1,0.57114128,9277.2,1.08865327,9245.17395
Kraken,btc_eur,9277.2,1601557119.57431,9277.1,0.57114128,9277.2,0.99525327,9245.17524
Kraken,btc_eur,9276.4,1601557128.494445,9276.3,3.44587128,9276.4,0.56549985,9245.17691
Kraken,btc_eur,9276.3,1601557129.810005,9276.3,3.42294273,9276.4,0.58840581,9245.17721
Kraken,btc_usd,10892.9,1601557132.444428,10892.9,10.48083495,10893.0,0.96598547,10854.51056
Kraken,eth_eur,313.18,1601557140.473292,313.18,21.98286867,313.26,93.20220507,311.14093
Kraken,btc_usd,10893.0,1601557144.082197,10892.9,11.76937783,10893.0,0.96508122,10854.51059
Kraken,btc_eur,9276.4,1601557147.149905,9276.3,0.57114128,9276.4,6.08549581,9245.17735
Kraken,btc_usd,10893.0,1601557152.333363,10892.9,6.01797923,10893.0,1.3521283,10854.51085
Kraken,btc_eur,9273.5,1601557161.169816,9273.4,1.20587128,9273.5,1.03525877,9245.1798
Kraken,btc_eur,9274.6,1601557162.318258,9273.4,1.20587128,9274.6,0.90636822,9245.2248
Kraken,btc_usd,10893.0,1601557163.232201,10892.9,6.60288054,10893.0,0.87962521,10854.51299
Kraken,btc_eur,9273.5,1601557172.370151,9271.5,0.03,9273.5,1.74584115,9245.23407
Kraken,eth_eur,313.19,1601557175.201893,313.18,1.59466347,313.19,165.10144399,311.1411
Kraken,btc_eur,9273.0,1601557175.351542,9273.0,1.47327297,9273.1,0.68882956,9245.23433
Kraken,btc_eur,9273.1,1601557176.250557,9273.0,3.50455082,9273.1,0.68677556,9245.23436
Kraken,eth_usd,367.81,1601557184.718764,367.81,9.95052629,367.85,79.28432614,363.24057
Kraken,btc_usd,10892.9,1601557187.504121,10892.9,5.43014,10893.0,2.05636229,10854.5186
Kraken,eth_usd,367.81,1601557191.029098,367.8,4.7,367.81,41.62987576,363.24083
Kraken,btc_eur,9273.9,1601557191.575683,9273.4,0.57114128,9273.9,0.9747,9245.23467
Kraken,btc_eur,9273.9,1601557193.60508,9273.5,2.60777855,9273.9,0.95182328,9245.23495
Kraken,btc_eur,9273.9,1601557194.016452,9273.5,2.60777855,9273.9,0.92917138,9245.23523
Kraken,btc_eur,9273.9,1601557194.077068,9273.5,2.60777855,9273.9,0.29412766,9245.24309
Kraken,btc_eur,9273.9,1601557194.461475,9273.5,2.60777855,9273.9,0.26941203,9245.24339
Kraken,btc_eur,9273.9,1601557194.902266,9273.5,2.60777855,9273.9,0.26425262,9245.24346
Kraken,btc_eur,9273.9,1601557195.315051,9273.5,2.60777855,9273.9,0.23918333,9245.24377
Kraken,btc_eur,9273.8,1601557201.814994,9273.8,4.15485381,9273.9,0.23918333,9245.24391
Kraken,btc_eur,9273.8,1601557202.149942,9273.8,4.09495381,9273.9,0.23918333,9245.24464
Kraken,btc_eur,9273.9,1601557206.535488,9273.8,0.57114128,9273.9,0.73398453,9245.24477
Kraken,btc_eur,9273.8,1601557206.895253,9273.8,0.55158226,9273.9,3.26163059,9245.24501
Kraken,eth_eur,313.19,1601557213.02674,313.18,1.59466347,313.19,189.23440623,311.14123
Kraken,eth_eur,313.19,1601557217.464842,313.18,1.59466347,313.19,188.87034594,311.14128
Kraken,btc_eur,9272.7,1601557219.334949,9271.5,0.03,9272.8,4.15328771,9245.24507
Kraken,eth_usd,367.8,1601557219.646035,367.8,4.301,367.81,235.18776031,363.24091
Kraken,btc_eur,9271.5,1601557219.661629,9271.5,0.01126824,9271.6,1.45438707,9245.24528
Kraken,eth_usd,367.8,1601557220.089656,367.66,0.05997388,367.81,216.09787871,363.2418
Kraken,eth_eur,313.18,1601557220.283698,313.0,3.19486,313.19,225.33971047,311.14147
Kraken,btc_eur,9271.6,1601557221.134847,9271.5,3.04599824,9271.6,0.23025838,9245.25198
Kraken,eth_usd,367.44,1601557221.560523,367.44,16.40098498,367.67,16.942,363.24659
Kraken,btc_eur,9274.9,1601557221.776326,9271.6,2.63473,9274.9,1.57627139,9245.26463
Kraken,btc_eur,9275.1,1601557230.916732,9275.1,3.32224718,9275.2,0.38975595,9245.27749
Kraken,btc_eur,9275.1,1601557241.032914,9275.1,4.0048377,9275.2,0.09571439,9245.27757
Kraken,btc_eur,9275.1,1601557244.743993,9275.1,2.7048377,9275.2,0.55905735,9245.28785
Kraken,btc_usd,10893.0,1601557249.58994,10892.9,7.05768975,10893.0,1.94164264,10854.51917
Kraken,eth_usd,367.52,1601557253.149447,367.52,32.16800539,367.61,15.09668322,363.24664
Kraken,eth_usd,367.52,1601557253.15744,367.52,30.16800539,367.61,15.09668322,363.24703
Kraken,eth_usd,367.52,1601557253.160209,367.52,27.16800539,367.61,15.09668322,363.24761
Kraken,eth_usd,367.52,1601557253.168841,367.52,26.16800539,367.61,15.09668322,363.2478
Kraken,eth_usd,367.52,1601557253.177529,367.52,6.16800539,367.61,15.09668322,363.25166
Kraken,eth_usd,367.51,1601557253.18699,367.51,16.57745418,367.61,15.09668322,363.25358
Kraken,eth_usd,367.49,1601557253.194691,367.49,23.61091925,367.61,15.09668322,363.25837
Kraken,eth_usd,367.49,1601557253.205009,367.49,5.64242194,367.61,15.09668322,363.2618
Kraken,eth_usd,367.48,1601557253.206927,367.48,20.05284426,367.61,15.09668322,363.26294
Kraken,eth_usd,367.48,1601557253.213388,367.48,17.05284426,367.61,15.09668322,363.26351
Kraken,eth_usd,367.41,1601557253.33834,367.41,25.64387126,367.61,15.09668322,363.27011
Kraken,eth_usd,367.41,1601557253.338751,367.41,15.64387126,367.61,15.09668322,363.27197
Kraken,eth_usd,367.41,1601557253.339106,367.41,10.70074504,367.61,15.09668322,363.27289
Kraken,eth_usd,367.38,1601557253.339489,367.38,6.78705746,367.61,15.09668322,363.27617
Kraken,eth_usd,367.37,1601557253.339842,367.37,37.86431997,367.61,15.09668322,363.27784
Kraken,btc_eur,9274.1,1601557258.608873,9274.1,1.02332226,9274.2,0.19748148,9245.2882
Kraken,btc_usd,10892.9,1601557258.884756,10892.9,6.4200265,10893.0,1.11630284,10854.54721
Kraken,eth_usd,367.53,1601557259.723402,367.53,1.53311219,367.56,30.17429265,363.27793
Kraken,btc_usd,10892.9,1601557261.852284,10892.9,7.0320265,10893.0,1.11630284,10854.56121
Kraken,btc_eur,9274.6,1601557262.063537,9274.6,0.67069877,9275.1,0.02291254,9245.28843
Kraken,btc_usd,10892.9,1601557262.894651,10892.9,7.32531471,10893.0,1.11630284,10854.567
Kraken,btc_usd,10892.9,1601557262.897381,10892.9,7.0320265,10893.0,1.11630284,10854.57521
Kraken,btc_usd,10892.9,1601557263.206108,10892.9,6.42681189,10893.0,1.11630284,10854.59213
Kraken,btc_usd,10892.9,1601557263.210869,10892.9,6.42560387,10893.0,1.11630284,10854.59217
Kraken,btc_usd,10892.9,1601557263.218403,10892.9,6.42560146,10893.0,1.11630284,10854.59217
Kraken,btc_usd,10892.9,1601557263.232988,10892.9,6.2820265,10893.0,1.11630284,10854.59618
Kraken,btc_eur,9274.8,1601557264.834693,9274.7,0.27,9274.8,0.43051847,9245.28868
Kraken,btc_eur,9274.7,1601557265.172623,9274.7,0.07400125,9274.8,2.52291325,9245.29116
Kraken,btc_eur,9274.8,1601557265.184601,9274.7,0.07400125,9274.8,2.51258132,9245.29129
Kraken,btc_eur,9274.7,1601557266.509953,9274.7,0.51874912,9274.8,2.51258132,9245.29135
Kraken,btc_eur,9274.7,1601557266.881641,9274.7,0.51417598,9274.8,2.49141626,9245.29141
Kraken,btc_usd,10893.0,1601557267.619757,10892.9,5.32904014,10893.0,1.10749284,10854.59642
Kraken,eth_eur,313.01,1601557269.54199,313.0,3.19486,313.01,78.13589324,311.14148
Kraken,btc_eur,9274.6,1601557272.796354,9274.5,1.2029414,9274.6,2.15713479,9245.29287
Kraken,eth_usd,367.52,1601557278.188745,367.48,2.03332281,367.52,28.36618352,363.27831
Kraken,btc_eur,9274.6,1601557281.316882,9274.5,1.2029414,9274.6,2.90861928,9245.29318
Kraken,eth_eur,313.0,1601557281.595269,313.0,3.09486,313.01,100.1157098,311.1415
Kraken,btc_eur,9274.6,1601557281.679711,9274.5,1.7029414,9274.6,2.42411295,9245.29348
Kraken,btc_eur,9274.7,1601557291.91133,9274.7,0.45416802,9274.8,2.02291461,9245.29424
Kraken,btc_eur,9274.2,1601557296.342891,9274.1,0.45416802,9274.2,0.00308903,9245.29449
Kraken,btc_usd,10893.0,1601557305.034862,10892.9,5.14868975,10893.0,1.13040137,10854.60898
Kraken,btc_eur,9274.3,1601557305.440296,9274.3,0.92587702,9274.4,0.05092256,9245.29484
Kraken,btc_eur,9274.3,1601557306.234065,9274.3,0.92297019,9274.4,2.34592256,9245.29488
Kraken,btc_eur,9274.3,1601557309.67434,9274.3,0.43156102,9274.4,2.79852097,9245.29516
Kraken,btc_usd,10893.0,1601557311.958194,10892.9,4.39371703,10893.0,1.11640137,10854.60937
Kraken,btc_eur,9274.0,1601557312.238719,9274.0,0.42831919,9274.1,3.23796264,9245.2952
Kraken,btc_eur,9274.0,1601557313.139694,9274.0,0.42158763,9274.1,4.16296264,9245.29528
Kraken,eth_usd,367.49,1601557318.449738,367.42,7.47398442,367.49,48.97309761,363.27862
Kraken,btc_eur,9271.6,1601557324.340573,9271.5,0.47035587,9271.6,3.01666292,9245.29539
Kraken,btc_eur,9271.6,1601557324.724715,9271.5,0.47035587,9271.6,2.91645804,9245.29653
Kraken,btc_eur,9271.6,1601557327.02651,9271.5,0.04876824,9271.6,3.54123492,9245.29675
Kraken,btc_eur,9268.1,1601557327.640194,9268.1,0.52506474,9271.6,3.54123492,9245.3033
Kraken,btc_eur,9270.4,1601557332.729889,9270.3,0.63473,9270.4,2.77865734,9245.30338
Kraken,btc_eur,9270.1,1601557336.015726,9268.8,0.535,9270.1,1.96411717,9245.30376
Kraken,btc_eur,9268.7,1601557343.435784,9268.7,0.02979473,9270.0,0.425,9245.30381
Kraken,btc_usd,10893.0,1601557343.564475,10892.9,3.251,10893.0,2.20157003,10854.61285
Kraken,btc_usd,10892.9,1601557345.464523,10892.9,3.29827867,10893.0,2.20157003,10854.61377
Kraken,btc_usd,10893.0,1601557349.297021,10892.9,3.21808,10893.0,2.18799044,10854.61415
Kraken,btc_eur,9269.4,1601557352.375505,9269.4,0.4,9270.6,0.68897927,9245.30485
Kraken,btc_eur,9269.4,1601557352.661122,9269.4,0.3,9270.3,0.4,9245.30589
Kraken,eth_eur,313.0,1601557356.752544,313.0,0.00443827,313.01,273.14178929,311.1419
Kraken,btc_eur,9268.1,1601557361.75365,9268.0,1.03713074,9268.1,0.5716,9245.30641
Kraken,btc_eur,9268.0,1601557362.0852,9268.0,0.93713074,9268.1,0.5716,9245.30739
Kraken,btc_eur,9268.0,1601557362.387805,9268.0,1.23713074,9268.1,0.5716,9245.30837
Kraken,btc_eur,9268.0,1601557362.687642,9268.0,2.50240074,9270.5,2.0,9245.30934
Kraken,btc_eur,9268.1,1601557362.980133,9268.1,0.31555737,9270.5,2.0,9245.30973
Kraken,btc_usd,10893.0,1601557364.45755,10892.9,0.54084164,10893.0,1.63142044,10854.61516
Kraken,btc_eur,9271.8,1601557364.864117,9271.7,0.03593492,9271.8,1.18739207,9245.30986
Kraken,eth_usd,367.48,1601557366.979691,367.44,0.55367484,367.48,1.98,363.27862
Kraken,btc_eur,9271.8,1601557367.166449,9271.7,1.42593492,9271.8,0.92383742,9245.31009
Kraken,btc_eur,9271.8,1601557367.59445,9271.7,1.42593492,9271.8,0.8895078,9245.31049
Kraken,btc_eur,9271.7,1601557367.645601,9271.7,1.40299919,9271.8,0.8895078,9245.31075
Kraken,btc_eur,9271.7,1601557367.951745,9271.7,1.30299919,9271.8,0.8895078,9245.31188
Kraken,btc_eur,9271.8,1601557368.043682,9271.7,1.30299919,9271.8,0.86750168,9245.31213
Kraken,btc_eur,9271.7,1601557368.247524,9271.7,1.29115302,9271.8,0.86750168,9245.31227
Kraken,btc_eur,9271.8,1601557368.51636,9271.7,0.92593492,9271.8,0.95959698,9245.31257
Kraken,btc_usd,10892.9,1601557369.957146,10892.9,0.22490307,10893.0,1.63142044,10854.6156
Kraken,btc_eur,9271.7,1601557370.493956,9271.7,0.90300976,9271.8,1.08536606,9245.31283
Kraken,btc_eur,9271.7,1601557370.748345,9271.7,0.79,9271.8,3.30966966,9245.31396
Kraken,btc_eur,9269.4,1601557371.055096,9269.4,0.01795096,9271.8,3.44439966,9245.31408
Kraken,btc_eur,9271.5,1601557373.234809,9269.5,0.635,9271.5,0.88409308,9245.31639
Kraken,btc_eur,9271.9,1601557376.639904,9271.8,2.65289266,9271.9,0.946,9245.31701
Kraken,btc_usd,10892.6,1601557382.827992,10892.6,2.93905388,10892.7,0.00342181,10854.61975
Kraken,btc_eur,9271.9,1601557390.155414,9271.8,2.06931905,9271.9,0.89697602,9245.31757
Kraken,btc_usd,10893.0,1601557392.107103,10892.6,2.44998026,10893.0,0.46731547,10854.61986
Kraken,btc_eur,9271.8,1601557394.924065,9271.8,1.79125905,9271.9,0.89697602,9245.31921
Kraken,btc_eur,9271.8,1601557396.887397,9271.8,1.78686801,9271.9,2.9084386,9245.31926
Kraken,btc_eur,9271.8,1601557405.145612,9271.8,1.86498301,9271.9,0.89697602,9245.3199
Kraken,eth_eur,312.82,1601557420.770166,312.81,0.32666,312.82,45.56836032,311.1424
Kraken,btc_eur,9271.9,1601557435.886392,9271.8,1.70527219,9271.9,2.84109602,9245.32054
Kraken,eth_eur,312.82,1601557437.360482,312.82,6.69736901,312.86,16.0406,311.14256
Kraken,btc_eur,9271.8,1601557444.14573,9271.8,1.82050971,9271.9,0.84109602,9245.32104
