Plateforme,Asset,Quote,Datetime,Bid,BidAmount,Ask,AskAmount,OpenInterest
Deribit,btc_usd,10678.85,1601888081.404,10678.5,47410.0,10679.0,82600.0,89827980
Deribit,eth_usd,350.36,1601888081.443,350.2,10002.0,350.25,28076.0,25762764
Deribit,eth_usd,350.36,1601888081.561,350.2,11202.0,350.25,28076.0,25762764
Deribit,eth_usd,350.36,1601888081.655,350.2,10002.0,350.25,28076.0,25762764
Deribit,btc_usd,10678.85,1601888082.055,10678.5,50910.0,10679.0,82600.0,89827980
Deribit,btc_usd,10678.85,1601888082.068,10678.5,45410.0,10679.0,82600.0,89827980
Deribit,btc_usd,10678.85,1601888082.069,10678.5,41910.0,10679.0,82600.0,89827980
Deribit,eth_usd,350.36,1601888082.271,350.2,3602.0,350.25,28076.0,25762764
Deribit,eth_usd,350.36,1601888082.55,350.2,6902.0,350.25,28076.0,25762764
Deribit,btc_usd,10678.89,1601888083.044,10678.5,46010.0,10679.0,82600.0,89827980
Deribit,btc_usd,10678.89,1601888083.122,10678.5,41910.0,10679.0,82600.0,89827980
Deribit,eth_usd,350.36,1601888083.538,350.2,8302.0,350.25,28076.0,25762764
Deribit,eth_usd,350.36,1601888083.68,350.2,6902.0,350.25,28076.0,25762764
Deribit,eth_usd,350.36,1601888083.681,350.2,3602.0,350.25,28076.0,25762764
Deribit,btc_usd,10678.89,1601888083.681,10678.5,22710.0,10679.0,82600.0,89827980
Deribit,btc_usd,10678.89,1601888083.93,10678.5,22710.0,10679.0,81700.0,89827980
Deribit,btc_usd,10678.79,1601888084.033,10678.5,34410.0,10679.0,81700.0,89827980
Deribit,btc_usd,10678.79,1601888084.193,10678.5,34410.0,10679.0,82600.0,89827980
Deribit,eth_usd,350.36,1601888084.198,350.2,3542.0,350.25,28076.0,25762764
Deribit,eth_usd,350.36,1601888084.527,350.2,7342.0,350.25,28076.0,25762764
Deribit,btc_usd,10678.81,1601888085.022,10678.5,42810.0,10679.0,82600.0,89827980
Deribit,btc_usd,10678.81,1601888085.073,10678.5,34410.0,10679.0,82600.0,89827980
Deribit,eth_usd,350.36,1601888085.077,350.2,3542.0,350.25,28076.0,25762764
Deribit,eth_usd,350.36,1601888085.516,350.2,6842.0,350.25,28076.0,25762764
Deribit,btc_usd,10678.79,1601888086.011,10678.5,47810.0,10679.0,82600.0,89827980
Deribit,eth_usd,350.36,1601888086.505,350.2,8242.0,350.25,28076.0,25762764
Deribit,btc_usd,10678.79,1601888086.695,10678.5,47810.0,10679.0,82590.0,89827980
Deribit,btc_usd,10678.79,1601888086.697,10678.5,64310.0,10679.0,82590.0,89827980
Deribit,btc_usd,10678.79,1601888086.702,10678.5,64310.0,10679.0,82430.0,89827980
Deribit,btc_usd,10678.79,1601888086.708,10678.5,64310.0,10679.0,82580.0,89827980
Deribit,eth_usd,350.36,1601888086.782,350.2,6842.0,350.25,28076.0,25762764
Deribit,btc_usd,10678.79,1601888086.782,10678.5,47810.0,10679.0,82580.0,89827980
Deribit,btc_usd,10678.79,1601888086.784,10678.5,34410.0,10679.0,82580.0,89827980
Deribit,btc_usd,10678.79,1601888086.788,10678.5,22710.0,10679.0,82580.0,89827980
Deribit,eth_usd,350.36,1601888086.788,350.2,3542.0,350.25,28076.0,25762764
Deribit,btc_usd,10678.79,1601888086.999,10678.5,48510.0,10679.0,82580.0,89827980
Deribit,btc_usd,10678.79,1601888087.151,10678.5,22710.0,10679.0,82580.0,89827980
Deribit,btc_usd,10678.79,1601888087.257,10678.5,22710.0,10679.0,85780.0,89827980
Deribit,btc_usd,10678.79,1601888087.258,10678.5,22710.0,10679.0,88980.0,89827980
Deribit,btc_usd,10678.79,1601888087.258,10678.5,22710.0,10679.0,92180.0,89827980
Deribit,eth_usd,350.36,1601888087.494,350.2,3642.0,350.25,28076.0,25762764
Deribit,btc_usd,10678.79,1601888087.519,10678.5,22710.0,10679.0,91280.0,89827980
Deribit,eth_usd,350.36,1601888087.526,350.2,3542.0,350.25,28076.0,25762764
Deribit,btc_usd,10678.79,1601888087.772,10678.5,22710.0,10679.0,92180.0,89827980
Deribit,btc_usd,10678.79,1601888087.988,10678.5,50810.0,10679.0,92180.0,89827980
Deribit,btc_usd,10678.72,1601888088.294,10678.5,50810.0,10679.0,91280.0,89827980
Deribit,eth_usd,350.36,1601888088.483,350.2,8542.0,350.25,28076.0,25762764
Deribit,eth_usd,350.36,1601888088.485,350.2,8542.0,350.25,59076.0,25762764
Deribit,btc_usd,10678.72,1601888088.543,10678.5,50810.0,10679.0,92180.0,89827980
Deribit,eth_usd,350.36,1601888088.594,350.2,3542.0,350.25,59076.0,25762764
Deribit,btc_usd,10678.72,1601888088.983,10678.5,56710.0,10679.0,92180.0,89827980
Deribit,btc_usd,10678.72,1601888089.225,10678.5,50810.0,10679.0,92180.0,89827980
Deribit,eth_usd,350.36,1601888089.471,350.2,6242.0,350.25,59076.0,25762764
Deribit,eth_usd,350.36,1601888089.803,350.2,6242.0,350.25,28076.0,25762764
Deribit,btc_usd,10678.72,1601888089.966,10678.5,61510.0,10679.0,92180.0,89827980
Deribit,eth_usd,350.36,1601888090.46,350.2,8842.0,350.25,28076.0,25762764
Deribit,btc_usd,10678.72,1601888090.752,10678.5,61910.0,10679.0,92180.0,89827980
Deribit,eth_usd,350.36,1601888090.758,350.2,6242.0,350.25,28076.0,25762764
Deribit,eth_usd,350.36,1601888091.449,350.2,7642.0,350.25,28076.0,25762764
Deribit,eth_usd,350.36,1601888091.838,350.2,6242.0,350.25,28076.0,25762764
Deribit,eth_usd,350.36,1601888092.438,350.2,8542.0,350.25,28076.0,25762764
Deribit,eth_usd,350.36,1601888092.46,350.2,8602.0,350.25,28076.0,25762764
Deribit,eth_usd,350.36,1601888092.566,350.2,5902.0,350.25,28076.0,25762764
Deribit,eth_usd,350.36,1601888092.567,350.2,3602.0,350.25,28076.0,25762764
Deribit,eth_usd,350.36,1601888093.427,350.2,6902.0,350.25,28076.0,25762764
Deribit,eth_usd,350.36,1601888094.399,350.2,3602.0,350.25,28076.0,25762764
Deribit,btc_usd,10678.79,1601888094.399,10678.5,51210.0,10679.0,92180.0,89827980
Deribit,eth_usd,350.36,1601888094.403,350.2,3602.0,350.25,28066.0,25762764
Deribit,eth_usd,350.36,1601888094.405,350.2,7302.0,350.25,28066.0,25762764
Deribit,eth_usd,350.36,1601888094.406,350.2,3602.0,350.25,28066.0,25762764
Deribit,eth_usd,350.36,1601888094.416,350.2,4202.0,350.25,28066.0,25762764
Deribit,btc_usd,10678.79,1601888094.91,10678.5,68510.0,10679.0,92180.0,89827980
Deribit,btc_usd,10678.79,1601888094.995,10678.5,70310.0,10679.0,92180.0,89827980
Deribit,eth_usd,350.36,1601888095.259,350.2,3602.0,350.25,28066.0,25762764
Deribit,btc_usd,10678.72,1601888095.259,10678.5,53010.0,10679.0,92180.0,89827980
Deribit,eth_usd,350.36,1601888095.405,350.2,6902.0,350.25,28066.0,25762764
Deribit,btc_usd,10678.72,1601888095.422,10678.5,53010.0,10679.0,88980.0,89827980
Deribit,btc_usd,10678.72,1601888095.422,10678.5,53010.0,10679.0,85780.0,89827980
Deribit,btc_usd,10678.72,1601888095.423,10678.5,53010.0,10679.0,88980.0,89827980
Deribit,btc_usd,10678.72,1601888095.424,10678.5,53010.0,10679.0,85780.0,89827980
Deribit,btc_usd,10678.72,1601888095.425,10678.5,53010.0,10679.0,88980.0,89827980
Deribit,btc_usd,10678.72,1601888095.427,10678.5,53010.0,10679.0,92180.0,89827980
Deribit,btc_usd,10678.72,1601888095.436,10678.5,53010.0,10679.0,88980.0,89827980
Deribit,btc_usd,10678.72,1601888095.437,10678.5,53010.0,10679.0,85780.0,89827980
Deribit,btc_usd,10678.72,1601888095.437,10678.5,53010.0,10679.0,82580.0,89827980
Deribit,btc_usd,10678.72,1601888095.526,10678.5,53010.0,10679.0,62580.0,89827980
Deribit,eth_usd,350.36,1601888095.764,350.2,19158.0,350.25,28066.0,25762764
Deribit,eth_usd,350.36,1601888095.858,350.2,19158.0,350.25,14519.0,25762764
Deribit,btc_usd,10678.72,1601888095.899,10678.5,77110.0,10679.0,62580.0,89827980
Deribit,btc_usd,10678.72,1601888096.011,10678.5,79610.0,10679.0,62580.0,89827980
Deribit,btc_usd,10678.72,1601888096.033,10678.5,79610.0,10679.0,65780.0,89827980
Deribit,btc_usd,10678.98,1601888096.054,10678.5,79610.0,10679.0,68980.0,89827980
Deribit,btc_usd,10678.98,1601888096.088,10678.5,79610.0,10679.0,72180.0,89827980
Deribit,btc_usd,10678.98,1601888096.212,10678.5,79610.0,10679.0,68980.0,89827980
Deribit,btc_usd,10678.98,1601888096.212,10678.5,79610.0,10679.0,65780.0,89827980
Deribit,btc_usd,10678.98,1601888096.213,10678.5,79610.0,10679.0,62580.0,89827980
Deribit,btc_usd,10678.98,1601888096.214,10678.5,79610.0,10679.0,65780.0,89827980
Deribit,btc_usd,10678.98,1601888096.215,10678.5,79610.0,10679.0,68980.0,89827980
Deribit,btc_usd,10678.98,1601888096.216,10678.5,79610.0,10679.0,72180.0,89827980
Deribit,btc_usd,10678.98,1601888096.227,10678.5,79610.0,10679.0,68980.0,89827980
Deribit,btc_usd,10678.98,1601888096.228,10678.5,79610.0,10679.0,65780.0,89827980
Deribit,btc_usd,10678.98,1601888096.228,10678.5,79610.0,10679.0,62580.0,89827980
Deribit,btc_usd,10678.98,1601888096.229,10678.5,79610.0,10679.0,65780.0,89827980
Deribit,btc_usd,10678.98,1601888096.23,10678.5,79610.0,10679.0,68980.0,89827980
Deribit,btc_usd,10678.98,1601888096.231,10678.5,79610.0,10679.0,72180.0,89827980
Deribit,btc_usd,10678.98,1601888096.239,10678.5,79610.0,10679.0,68980.0,89827980
Deribit,btc_usd,10678.98,1601888096.239,10678.5,79610.0,10679.0,65780.0,89827980
Deribit,btc_usd,10678.98,1601888096.24,10678.5,79610.0,10679.0,62580.0,89827980
Deribit,btc_usd,10679.09,1601888097.059,10678.5,79610.0,10679.0,62570.0,89827980
Deribit,btc_usd,10679.09,1601888097.885,10678.5,55510.0,10679.0,62570.0,89827980
Deribit,btc_usd,10679.09,1601888098.083,10678.5,53010.0,10679.0,62570.0,89827980
Deribit,btc_usd,10679.09,1601888098.379,10678.5,53010.0,10679.0,82570.0,89827980
Deribit,btc_usd,10679.09,1601888098.7,10678.5,26310.0,10679.0,82570.0,89853920
Deribit,btc_usd,10679.09,1601888098.707,10678.5,33570.0,10679.0,82570.0,89853920
Deribit,btc_usd,10679.09,1601888098.71,10678.5,33570.0,10679.0,84870.0,89853920
Deribit,btc_usd,10679.09,1601888098.715,10678.5,33570.0,10679.0,85070.0,89853920
Deribit,btc_usd,10679.09,1601888098.866,10678.5,52470.0,10679.0,85070.0,89853920
Deribit,btc_usd,10679.06,1601888099.269,10678.5,52470.0,10679.0,82770.0,89853920
Deribit,eth_usd,350.37,1601888099.543,350.2,19158.0,350.25,28066.0,25762764
Deribit,btc_usd,10679.06,1601888099.83,10678.5,52270.0,10679.0,82770.0,89854060
Deribit,btc_usd,10679.06,1601888099.994,10678.5,33370.0,10679.0,82770.0,89854060
Deribit,eth_usd,350.37,1601888100.219,350.2,19158.0,350.25,14519.0,25762764
Deribit,btc_usd,10679.06,1601888100.843,10678.5,51970.0,10679.0,82770.0,89854060
Deribit,eth_usd,350.37,1601888100.845,350.2,19158.0,350.25,28066.0,25762764
Deribit,eth_usd,350.37,1601888100.867,350.2,19158.0,350.25,27757.0,25762764
Deribit,btc_usd,10679.06,1601888100.888,10678.5,51770.0,10679.0,82770.0,89854260
Deribit,eth_usd,350.37,1601888101.166,350.2,19158.0,350.25,28052.0,25762764
Deribit,btc_usd,10678.99,1601888103.1,10678.5,51770.0,10679.0,82780.0,89854260
Deribit,btc_usd,10678.99,1601888103.341,10678.5,51770.0,10679.0,80650.0,89852130
Deribit,btc_usd,10678.99,1601888103.343,10678.5,67470.0,10679.0,80650.0,89852130
Deribit,btc_usd,10678.99,1601888103.345,10678.5,67470.0,10679.0,76380.0,89852130
Deribit,btc_usd,10678.99,1601888103.591,10678.5,51770.0,10679.0,76380.0,89852130
Deribit,eth_usd,350.37,1601888103.874,350.2,6902.0,350.25,28052.0,25762764
Deribit,btc_usd,10678.99,1601888103.928,10678.5,33170.0,10679.0,76380.0,89852130
Deribit,btc_usd,10678.99,1601888104.093,10678.5,33170.0,10679.0,76310.0,89852060
Deribit,btc_usd,10678.99,1601888104.095,10678.5,50270.0,10679.0,76310.0,89852060
Deribit,eth_usd,350.37,1601888104.306,350.2,8702.0,350.25,28052.0,25762764
Deribit,eth_usd,350.37,1601888104.387,350.2,6902.0,350.25,28052.0,25762764
Deribit,btc_usd,10678.93,1601888104.527,10678.5,50300.0,10679.0,76310.0,89852060
Deribit,btc_usd,10678.93,1601888104.799,10678.5,60700.0,10679.0,76310.0,89852060
Deribit,eth_usd,350.37,1601888105.293,350.2,15402.0,350.25,28052.0,25762764
Deribit,btc_usd,10678.93,1601888105.347,10678.5,50300.0,10679.0,76310.0,89852060
Deribit,btc_usd,10678.93,1601888105.745,10678.5,52040.0,10679.0,76310.0,89852060
Deribit,btc_usd,10678.93,1601888105.788,10678.5,57540.0,10679.0,76310.0,89852060
Deribit,btc_usd,10678.93,1601888106.089,10678.5,52040.0,10679.0,76310.0,89852060
Deribit,btc_usd,10678.93,1601888106.198,10678.5,52040.0,10679.0,80580.0,89852060
Deribit,btc_usd,10678.93,1601888106.199,10678.5,52040.0,10679.0,83780.0,89852060
Deribit,btc_usd,10678.93,1601888106.2,10678.5,52040.0,10679.0,86980.0,89852060
Deribit,btc_usd,10678.93,1601888106.2,10678.5,52040.0,10679.0,90180.0,89852060
Deribit,btc_usd,10678.93,1601888106.602,10678.5,52010.0,10679.0,90180.0,89852060
Deribit,btc_usd,10678.93,1601888106.776,10678.5,59010.0,10679.0,90180.0,89852060
Deribit,btc_usd,10678.93,1601888106.931,10678.5,59030.0,10679.0,90180.0,89852060
Deribit,eth_usd,350.36,1601888107.002,350.2,15402.0,350.25,14505.0,25762764
Deribit,btc_usd,10678.93,1601888107.305,10678.5,52030.0,10679.0,90180.0,89852060
Deribit,btc_usd,10678.93,1601888107.307,10678.5,34930.0,10679.0,90180.0,89852060
Deribit,btc_usd,10678.93,1601888107.765,10678.5,54230.0,10679.0,90180.0,89852060
Deribit,eth_usd,350.36,1601888108.367,350.2,6902.0,350.25,14505.0,25762764
Deribit,eth_usd,350.36,1601888109.255,350.2,10002.0,350.25,14505.0,25762764
Deribit,eth_usd,350.36,1601888109.256,350.2,10002.0,350.25,14905.0,25762764
Deribit,eth_usd,350.36,1601888109.257,350.2,10002.0,350.25,14505.0,25762764
Deribit,eth_usd,350.36,1601888109.352,350.2,10002.0,350.25,28052.0,25762764
Deribit,btc_usd,10678.57,1601888110.005,10678.5,34930.0,10679.0,90180.0,89852060
Deribit,eth_usd,350.37,1601888110.237,350.2,12202.0,350.25,28052.0,25762764
Deribit,btc_usd,10678.57,1601888110.732,10678.5,55930.0,10679.0,90180.0,89852060
Deribit,eth_usd,350.37,1601888110.981,350.2,10002.0,350.25,28052.0,25762764
Deribit,eth_usd,350.37,1601888110.982,350.2,6902.0,350.25,28052.0,25762764
Deribit,eth_usd,350.37,1601888111.226,350.2,11602.0,350.25,28052.0,25762764
Deribit,eth_usd,350.37,1601888111.244,350.2,6902.0,350.25,28052.0,25762764
Deribit,eth_usd,350.37,1601888112.215,350.2,12902.0,350.25,28052.0,25762764
Deribit,eth_usd,350.37,1601888112.417,350.2,6902.0,350.25,28052.0,25762764
Deribit,btc_usd,10678.57,1601888112.418,10678.5,34930.0,10679.0,90180.0,89852060
Deribit,btc_usd,10678.57,1601888112.711,10678.5,56730.0,10679.0,90180.0,89852060
Deribit,btc_usd,10678.57,1601888113.103,10678.5,34930.0,10679.0,90180.0,89852060
Deribit,eth_usd,350.37,1601888113.204,350.2,12702.0,350.25,28052.0,25762764
Deribit,btc_usd,10678.57,1601888113.698,10678.5,53830.0,10679.0,90180.0,89852060
Deribit,btc_usd,10678.57,1601888113.84,10678.5,34930.0,10679.0,90180.0,89852060
Deribit,eth_usd,350.36,1601888114.375,350.2,13502.0,350.25,28052.0,25762764
Deribit,eth_usd,350.36,1601888114.442,350.2,13502.0,350.25,14505.0,25762764
Deribit,eth_usd,350.36,1601888114.628,350.2,13502.0,350.25,28052.0,25762764
Deribit,btc_usd,10678.57,1601888114.687,10678.5,53730.0,10679.0,90180.0,89852060
Deribit,btc_usd,10678.57,1601888115.071,10678.5,53710.0,10679.0,90180.0,89852060
Deribit,btc_usd,10678.57,1601888115.16,10678.5,34910.0,10679.0,90180.0,89852060
Deribit,eth_usd,350.36,1601888115.295,350.2,7702.0,350.25,28052.0,25762764
Deribit,eth_usd,350.36,1601888115.361,350.2,4402.0,350.25,28052.0,25762764
Deribit,btc_usd,10678.57,1601888115.369,10678.5,34920.0,10679.0,90180.0,89852060
Deribit,eth_usd,350.36,1601888115.499,350.2,3602.0,350.25,28052.0,25762764
Deribit,btc_usd,10678.57,1601888115.676,10678.5,41720.0,10679.0,90180.0,89852060
Deribit,eth_usd,350.36,1601888116.171,350.2,9902.0,350.25,28052.0,25762764
Deribit,eth_usd,350.36,1601888116.373,350.2,3602.0,350.25,28052.0,25762764
Deribit,btc_usd,10678.57,1601888116.502,10678.5,34920.0,10679.0,90180.0,89852060
Deribit,btc_usd,10678.57,1601888116.668,10678.5,43920.0,10679.0,90180.0,89852060
Deribit,eth_usd,350.36,1601888117.159,350.2,9702.0,350.25,28052.0,25762764
Deribit,btc_usd,10678.53,1601888117.654,10678.5,50020.0,10679.0,90180.0,89852060
Deribit,eth_usd,350.36,1601888118.148,350.2,12102.0,350.25,28052.0,25762764
Deribit,eth_usd,350.36,1601888118.375,350.2,9702.0,350.25,28052.0,25762764
Deribit,btc_usd,10678.54,1601888118.601,10678.5,43920.0,10679.0,90180.0,89852060
Deribit,eth_usd,350.36,1601888119.137,350.2,11802.0,350.25,28052.0,25762764
Deribit,eth_usd,350.36,1601888119.332,350.2,9702.0,350.25,28052.0,25762764
Deribit,btc_usd,10678.54,1601888119.632,10678.5,49720.0,10679.0,90180.0,89852060
Deribit,btc_usd,10678.54,1601888119.824,10678.5,43920.0,10679.0,90180.0,89852060
Deribit,btc_usd,10678.54,1601888119.872,10678.5,34920.0,10679.0,90180.0,89852060
Deribit,eth_usd,350.36,1601888120.126,350.2,10802.0,350.25,28052.0,25762764
Deribit,btc_usd,10678.54,1601888120.493,10678.5,34920.0,10679.0,90380.0,89852060
Deribit,btc_usd,10678.54,1601888120.62,10678.5,49420.0,10679.0,90380.0,89852060
Deribit,btc_usd,10678.54,1601888120.789,10678.5,49450.0,10679.0,90380.0,89852060
Deribit,eth_usd,350.36,1601888121.235,350.2,9702.0,350.25,28052.0,25762764
Deribit,btc_usd,10678.54,1601888121.609,10678.5,56650.0,10679.0,90380.0,89852060
Deribit,eth_usd,350.36,1601888122.104,350.2,11602.0,350.25,28052.0,25762764
Deribit,eth_usd,350.36,1601888122.315,350.2,9702.0,350.25,28052.0,25762764
Deribit,btc_usd,10678.54,1601888122.315,10678.5,49450.0,10679.0,90380.0,89852060
Deribit,btc_usd,10678.54,1601888122.598,10678.5,58750.0,10679.0,90380.0,89852060
Deribit,btc_usd,10678.54,1601888122.966,10678.5,58750.0,10679.0,70380.0,89852060
Deribit,btc_usd,10678.54,1601888123.024,10678.5,49450.0,10679.0,70380.0,89852060
Deribit,eth_usd,350.36,1601888123.093,350.2,10502.0,350.25,28052.0,25762764
Deribit,eth_usd,350.36,1601888123.552,350.2,9702.0,350.25,28052.0,25762764
Deribit,eth_usd,350.36,1601888124.081,350.2,11802.0,350.25,28052.0,25762764
Deribit,btc_usd,10678.54,1601888124.576,10678.5,59250.0,10679.0,70380.0,89852060
Deribit,btc_usd,10678.54,1601888124.588,10678.5,59240.0,10679.0,70380.0,89852060
Deribit,eth_usd,350.36,1601888124.787,350.2,11802.0,350.25,14505.0,25762764
Deribit,eth_usd,350.36,1601888124.843,350.2,9702.0,350.25,14505.0,25762764
Deribit,eth_usd,350.36,1601888124.891,350.2,9702.0,350.25,28052.0,25762764
Deribit,eth_usd,350.36,1601888125.07,350.2,11702.0,350.25,28052.0,25762764
Deribit,eth_usd,350.36,1601888125.428,350.2,9702.0,350.25,28052.0,25762764
Deribit,btc_usd,10678.54,1601888125.459,10678.5,49440.0,10679.0,70380.0,89852060
Deribit,btc_usd,10678.54,1601888125.565,10678.5,55440.0,10679.0,70380.0,89852060
Deribit,eth_usd,350.36,1601888125.681,350.2,9702.0,350.25,14505.0,25762764
Deribit,eth_usd,350.36,1601888125.751,350.2,9702.0,350.25,28052.0,25762764
Deribit,eth_usd,350.36,1601888125.783,350.2,9702.0,350.25,14505.0,25762764
Deribit,eth_usd,350.36,1601888125.822,350.2,9702.0,350.25,28052.0,25762764
Deribit,btc_usd,10678.54,1601888125.964,10678.5,55420.0,10679.0,70380.0,89852060
Deribit,btc_usd,10678.54,1601888125.972,10678.5,49420.0,10679.0,70380.0,89852060
Deribit,eth_usd,350.36,1601888126.324,350.2,10502.0,350.25,28052.0,25762764
Deribit,btc_usd,10678.54,1601888126.476,10678.5,34920.0,10679.0,70380.0,89852060
Deribit,btc_usd,10678.54,1601888126.554,10678.5,42720.0,10679.0,70380.0,89852060
Deribit,btc_usd,10678.54,1601888127.542,10678.5,52620.0,10679.0,70380.0,89852060
Deribit,btc_usd,10678.54,1601888127.638,10678.5,42720.0,10679.0,70380.0,89852060
Deribit,eth_usd,350.36,1601888127.746,350.2,4402.0,350.25,28052.0,25762764
Deribit,btc_usd,10678.54,1601888127.746,10678.5,34920.0,10679.0,70380.0,89852060
Deribit,eth_usd,350.36,1601888128.037,350.2,5402.0,350.25,28052.0,25762764
Deribit,btc_usd,10678.54,1601888128.531,10678.5,47420.0,10679.0,70380.0,89852060
Deribit,btc_usd,10678.54,1601888128.56,10678.5,34920.0,10679.0,70380.0,89852060
Deribit,eth_usd,350.36,1601888129.026,350.2,9802.0,350.25,28052.0,25762764
Deribit,btc_usd,10678.54,1601888129.52,10678.5,47720.0,10679.0,70380.0,89852060
Deribit,eth_usd,350.36,1601888130.015,350.2,11202.0,350.25,28052.0,25762764
Deribit,eth_usd,350.36,1601888130.42,350.2,9802.0,350.25,28052.0,25762764
Deribit,eth_usd,350.36,1601888130.878,350.2,5402.0,350.25,28052.0,25762764
Deribit,eth_usd,350.36,1601888131.003,350.2,9502.0,350.25,28052.0,25762764
Deribit,eth_usd,350.36,1601888131.039,350.2,5402.0,350.25,28052.0,25762764
Deribit,btc_usd,10678.65,1601888131.039,10678.5,34920.0,10679.0,70380.0,89852060
Deribit,btc_usd,10678.65,1601888131.498,10678.5,44820.0,10679.0,70380.0,89852060
Deribit,eth_usd,350.36,1601888131.992,350.2,10602.0,350.25,28052.0,25762764
Deribit,btc_usd,10678.65,1601888132.268,10678.5,34920.0,10679.0,70380.0,89852060
Deribit,btc_usd,10678.65,1601888132.487,10678.5,39820.0,10679.0,70380.0,89852060
Deribit,eth_usd,350.36,1601888132.981,350.2,12502.0,350.25,28052.0,25762764
Deribit,btc_usd,10678.65,1601888133.321,10678.5,34920.0,10679.0,70380.0,89852060
Deribit,btc_usd,10678.65,1601888133.475,10678.5,44720.0,10679.0,70380.0,89852060
Deribit,eth_usd,350.36,1601888133.604,350.2,10602.0,350.25,28052.0,25762764
Deribit,btc_usd,10678.65,1601888134.113,10678.5,34920.0,10679.0,70380.0,89852060
Deribit,btc_usd,10678.65,1601888134.464,10678.5,38520.0,10679.0,70380.0,89852060
Deribit,eth_usd,350.37,1601888134.959,350.2,12802.0,350.25,28052.0,25762764
Deribit,btc_usd,10678.65,1601888135.256,10678.5,38520.0,10679.0,67180.0,89852060
Deribit,btc_usd,10678.65,1601888135.257,10678.5,38520.0,10679.0,62910.0,89852060
Deribit,btc_usd,10678.65,1601888135.258,10678.5,38520.0,10679.0,59710.0,89852060
Deribit,btc_usd,10678.65,1601888135.259,10678.5,38520.0,10679.0,56510.0,89852060
Deribit,eth_usd,350.37,1601888135.42,350.2,10602.0,350.25,28052.0,25762764
Deribit,btc_usd,10678.65,1601888135.42,10678.5,34920.0,10679.0,56510.0,89852060
Deribit,btc_usd,10678.65,1601888135.453,10678.5,38620.0,10679.0,56510.0,89852060
Deribit,eth_usd,350.37,1601888135.948,350.2,13602.0,350.25,28052.0,25762764
Deribit,btc_usd,10678.65,1601888136.169,10678.5,38620.0,10679.0,59710.0,89852060
Deribit,btc_usd,10678.65,1601888136.17,10678.5,38620.0,10679.0,62910.0,89852060
Deribit,btc_usd,10678.65,1601888136.171,10678.5,38620.0,10679.0,67180.0,89852060
Deribit,btc_usd,10678.65,1601888136.173,10678.5,38620.0,10679.0,70380.0,89852060
Deribit,eth_usd,350.37,1601888136.184,350.2,10602.0,350.25,28052.0,25762764
Deribit,btc_usd,10678.65,1601888136.442,10678.5,45820.0,10679.0,70380.0,89852060
Deribit,eth_usd,350.37,1601888136.773,350.2,5402.0,350.25,28052.0,25762764
Deribit,eth_usd,350.37,1601888136.936,350.2,11002.0,350.25,28052.0,25762764
Deribit,btc_usd,10678.65,1601888137.129,10678.5,38620.0,10679.0,70380.0,89852060
Deribit,btc_usd,10678.65,1601888137.131,10678.5,34920.0,10679.0,70380.0,89852060
Deribit,btc_usd,10678.65,1601888137.431,10678.5,42920.0,10679.0,70380.0,89852060
Deribit,btc_usd,10678.65,1601888137.469,10678.5,34920.0,10679.0,70380.0,89852060
Deribit,eth_usd,350.37,1601888137.882,350.2,11002.0,350.25,27702.0,25762764
Deribit,eth_usd,350.37,1601888137.883,350.2,11002.0,350.25,27692.0,25762764
Deribit,eth_usd,350.37,1601888138.784,350.2,5402.0,350.25,27692.0,25762764
Deribit,eth_usd,350.37,1601888138.905,350.2,4602.0,350.25,27692.0,25762764
Deribit,eth_usd,350.37,1601888138.914,350.2,7502.0,350.25,27692.0,25762764
Deribit,eth_usd,350.37,1601888138.939,350.2,7502.0,350.25,26302.0,25762764
Deribit,eth_usd,350.37,1601888138.944,350.2,7502.0,350.25,26202.0,25762764
Deribit,eth_usd,350.37,1601888139.41,350.2,7572.0,350.25,26202.0,25762764
Deribit,btc_usd,10678.65,1601888139.897,10678.5,11230.0,10679.0,70380.0,89852060
Deribit,eth_usd,350.37,1601888139.903,350.2,9872.0,350.25,26202.0,25762764
Deribit,btc_usd,10678.65,1601888140.133,10678.5,11230.0,10679.0,99910.0,89852060
Deribit,btc_usd,10678.65,1601888140.134,10678.5,9430.0,10679.0,99910.0,89852060
Deribit,btc_usd,10678.65,1601888140.134,10678.5,9430.0,10679.0,119910.0,89852060
Deribit,btc_usd,10678.54,1601888140.398,10678.5,26430.0,10679.0,119910.0,89852060
Deribit,btc_usd,10678.54,1601888140.422,10678.5,26430.0,10679.0,119010.0,89852060
Deribit,eth_usd,350.37,1601888140.587,350.2,9872.0,350.25,14462.0,25762764
Deribit,btc_usd,10678.54,1601888140.669,10678.5,26430.0,10679.0,119910.0,89852060
Deribit,eth_usd,350.37,1601888140.892,350.2,12772.0,350.25,14462.0,25762764
Deribit,eth_usd,350.37,1601888141.375,350.2,9872.0,350.25,14462.0,25762764
Deribit,btc_usd,10678.65,1601888141.375,10678.5,9430.0,10679.0,119910.0,89852060
Deribit,btc_usd,10678.65,1601888141.386,10678.5,11530.0,10679.0,119910.0,89852060
Deribit,eth_usd,350.37,1601888141.644,350.2,9872.0,350.25,13842.0,25762764
Deribit,eth_usd,350.37,1601888141.881,350.2,9872.0,350.25,15242.0,25762764
Deribit,eth_usd,350.37,1601888141.938,350.2,9872.0,350.25,13842.0,25762764
Deribit,btc_usd,10678.57,1601888142.375,10678.5,24930.0,10679.0,119910.0,89852060
Deribit,eth_usd,350.37,1601888142.87,350.2,12272.0,350.25,13842.0,25762764
Deribit,btc_usd,10678.57,1601888143.364,10678.5,35030.0,10679.0,119910.0,89852060
Deribit,btc_usd,10678.57,1601888143.413,10678.5,24930.0,10679.0,119910.0,89852060
Deribit,btc_usd,10678.57,1601888143.72,10678.5,11530.0,10679.0,119910.0,89852060
Deribit,btc_usd,10678.57,1601888143.723,10678.5,9430.0,10679.0,119910.0,89852060
Deribit,eth_usd,350.37,1601888143.858,350.2,13572.0,350.25,13842.0,25762764
Deribit,eth_usd,350.37,1601888144.276,350.2,12272.0,350.25,13842.0,25762764
Deribit,btc_usd,10678.57,1601888144.353,10678.5,15430.0,10679.0,119910.0,89852060
Deribit,btc_usd,10678.46,1601888144.5,10678.5,9430.0,10679.0,119910.0,89852060
Deribit,eth_usd,350.37,1601888144.847,350.2,13472.0,350.25,13842.0,25762764
Deribit,btc_usd,10678.46,1601888145.342,10678.5,23930.0,10679.0,119910.0,89852060
Deribit,btc_usd,10678.46,1601888145.347,10678.5,9430.0,10679.0,119910.0,89852060
Deribit,eth_usd,350.37,1601888145.347,350.2,12272.0,350.25,13842.0,25762764
Deribit,eth_usd,350.37,1601888145.836,350.2,13972.0,350.25,13842.0,25762764
Deribit,btc_usd,10678.43,1601888146.331,10678.5,23130.0,10679.0,119910.0,89852060
Deribit,btc_usd,10678.43,1601888146.341,10678.5,23130.0,10679.0,119900.0,89852050
Deribit,btc_usd,10678.43,1601888146.343,10678.5,39330.0,10679.0,119900.0,89852050
Deribit,eth_usd,350.37,1601888146.569,350.2,12272.0,350.25,13842.0,25762764
Deribit,btc_usd,10678.43,1601888146.569,10678.5,25630.0,10679.0,119900.0,89852050
Deribit,btc_usd,10678.43,1601888146.571,10678.5,9430.0,10679.0,119900.0,89852050
Deribit,eth_usd,350.37,1601888146.825,350.2,17672.0,350.25,13842.0,25762764
Deribit,btc_usd,10678.43,1601888147.319,10678.5,54230.0,10679.0,119900.0,89852050
Deribit,btc_usd,10678.61,1601888148.362,10678.5,54230.0,10679.0,120000.0,89852050
Deribit,eth_usd,350.37,1601888148.386,350.2,12272.0,350.25,13842.0,25762764
Deribit,btc_usd,10678.77,1601888148.503,10678.5,9430.0,10679.0,120000.0,89852050
Deribit,eth_usd,350.37,1601888148.503,350.2,9872.0,350.25,13842.0,25762764
Deribit,eth_usd,350.37,1601888148.803,350.2,12672.0,350.25,13842.0,25762764
Deribit,btc_usd,10678.77,1601888149.297,10678.5,38730.0,10679.0,120000.0,89852050
Deribit,eth_usd,350.37,1601888149.605,350.2,9872.0,350.25,13842.0,25762764
Deribit,eth_usd,350.37,1601888149.792,350.2,13372.0,350.25,13842.0,25762764
Deribit,btc_usd,10678.77,1601888150.286,10678.5,47330.0,10679.0,120000.0,89852050
Deribit,btc_usd,10678.77,1601888150.362,10678.5,38730.0,10679.0,120000.0,89852050
Deribit,btc_usd,10678.84,1601888152.264,10678.5,43530.0,10679.0,120000.0,89852050
Deribit,btc_usd,10678.8,1601888152.807,10678.5,38730.0,10679.0,120000.0,89852050
Deribit,eth_usd,350.37,1601888153.358,350.2,9872.0,350.25,13842.0,25762764
Deribit,eth_usd,350.37,1601888153.747,350.2,14272.0,350.25,13842.0,25762764
Deribit,btc_usd,10678.79,1601888155.23,10678.5,45430.0,10679.0,120000.0,89852050
Deribit,btc_usd,10678.79,1601888155.719,10678.5,38730.0,10679.0,120000.0,89852050
Deribit,eth_usd,350.37,1601888155.801,350.2,9872.0,350.25,13842.0,25762764
Deribit,eth_usd,350.37,1601888156.714,350.2,12472.0,350.25,13842.0,25762764
Deribit,eth_usd,350.37,1601888157.092,350.2,9872.0,350.25,13842.0,25762764
Deribit,eth_usd,350.37,1601888157.305,350.2,7572.0,350.25,13842.0,25762764
Deribit,btc_usd,10678.79,1601888157.305,10678.5,9430.0,10679.0,120000.0,89852050
Deribit,eth_usd,350.37,1601888157.482,350.2,4672.0,350.25,13842.0,25762764
Deribit,eth_usd,350.37,1601888157.702,350.2,7572.0,350.25,13842.0,25762764
Deribit,eth_usd,350.37,1601888157.703,350.2,7572.0,350.25,18042.0,25762764
Deribit,eth_usd,350.37,1601888157.714,350.2,4672.0,350.25,18042.0,25762764
Deribit,btc_usd,10678.72,1601888157.716,10678.5,2170.0,10679.0,120000.0,89852050
Deribit,eth_usd,350.37,1601888157.858,350.2,4882.0,350.25,18042.0,25762764
Deribit,eth_usd,350.37,1601888158.007,350.2,4882.0,350.25,13842.0,25762764
Deribit,btc_usd,10678.72,1601888158.197,10678.5,31670.0,10679.0,120000.0,89852050
Deribit,eth_usd,350.37,1601888158.691,350.2,11782.0,350.25,13842.0,25762764
Deribit,eth_usd,350.37,1601888158.693,350.2,11782.0,350.25,14242.0,25762764
Deribit,eth_usd,350.37,1601888158.694,350.2,11782.0,350.25,13842.0,25762764
Deribit,eth_usd,350.37,1601888159.68,350.2,11782.0,350.25,15242.0,25762764
Deribit,eth_usd,350.37,1601888160.14,350.2,11782.0,350.25,13842.0,25762764
Deribit,btc_usd,10678.62,1601888160.174,10678.5,42470.0,10679.0,120000.0,89852050
Deribit,btc_usd,10678.62,1601888160.291,10678.5,31670.0,10679.0,120000.0,89852050
Deribit,eth_usd,350.37,1601888160.669,350.2,11782.0,350.25,14242.0,25762764
Deribit,eth_usd,350.37,1601888160.774,350.2,11782.0,350.25,13842.0,25762764
Deribit,eth_usd,350.37,1601888161.658,350.2,13182.0,350.25,13842.0,25762764
Deribit,btc_usd,10678.62,1601888162.045,10678.5,31670.0,10679.0,119850.0,89852050
Deribit,eth_usd,350.37,1601888162.647,350.2,15782.0,350.25,13842.0,25762764
Deribit,btc_usd,10678.57,1601888163.138,10678.5,38930.0,10679.0,119850.0,89852050
Deribit,eth_usd,350.37,1601888163.232,350.2,13182.0,350.25,13842.0,25762764
Deribit,eth_usd,350.37,1601888163.636,350.2,16082.0,350.25,13842.0,25762764
Deribit,eth_usd,350.37,1601888164.666,350.2,13182.0,350.25,13842.0,25762764
Deribit,eth_usd,350.37,1601888165.613,350.2,15182.0,350.25,13842.0,25762764
Deribit,eth_usd,350.37,1601888166.155,350.2,13182.0,350.25,13842.0,25762764
Deribit,eth_usd,350.37,1601888166.751,350.2,11782.0,350.25,13842.0,25762764
Deribit,eth_usd,350.37,1601888167.591,350.2,11782.0,350.25,14242.0,25762764
Deribit,eth_usd,350.37,1601888167.842,350.2,11782.0,350.25,13842.0,25762764
Deribit,eth_usd,350.37,1601888168.58,350.2,13282.0,350.25,13842.0,25762764
Deribit,eth_usd,350.37,1601888169.163,350.2,11782.0,350.25,13842.0,25762764
Deribit,eth_usd,350.37,1601888169.408,350.2,4882.0,350.25,13842.0,25762764
Deribit,eth_usd,350.37,1601888169.418,350.2,4902.0,350.25,13842.0,25762764
Deribit,eth_usd,350.37,1601888169.569,350.2,7402.0,350.25,13842.0,25762764
Deribit,eth_usd,350.37,1601888169.57,350.2,7402.0,350.25,17442.0,25762764
Deribit,eth_usd,350.37,1601888169.595,350.2,7402.0,350.25,13842.0,25762764
Deribit,eth_usd,350.37,1601888170.557,350.2,9802.0,350.25,13842.0,25762764
Deribit,eth_usd,350.37,1601888170.559,350.2,9802.0,350.25,15942.0,25762764
Deribit,eth_usd,350.37,1601888170.56,350.2,9802.0,350.25,13842.0,25762764
Deribit,eth_usd,350.37,1601888170.931,350.2,7402.0,350.25,13842.0,25762764
Deribit,eth_usd,350.37,1601888171.041,350.2,4902.0,350.25,13842.0,25762764
Deribit,btc_usd,10678.61,1601888171.041,10678.5,9430.0,10679.0,119850.0,89852050
Deribit,btc_usd,10678.61,1601888171.157,10678.5,9430.0,10679.0,120010.0,89852050
Deribit,eth_usd,350.37,1601888171.166,350.2,3902.0,350.25,13842.0,25762764
Deribit,eth_usd,350.37,1601888171.303,350.2,400.0,350.25,13842.0,25762764
Deribit,eth_usd,350.37,1601888171.428,350.2,340.0,350.25,13842.0,25762764
Deribit,btc_usd,10678.61,1601888171.459,10678.5,2170.0,10679.0,120010.0,89852050
Deribit,eth_usd,350.37,1601888171.546,350.2,340.0,350.25,24642.0,25762764
Deribit,eth_usd,350.37,1601888171.555,350.2,340.0,350.25,24652.0,25762764
Deribit,eth_usd,350.36,1601888171.707,350.2,3842.0,350.25,24652.0,25762764
Deribit,eth_usd,350.36,1601888171.848,350.2,340.0,350.25,24652.0,25762764
Deribit,eth_usd,350.36,1601888171.853,350.2,340.0,350.25,55652.0,25762764
Deribit,eth_usd,350.36,1601888171.863,350.2,340.0,350.25,24652.0,25762764
Deribit,btc_usd,10678.56,1601888172.041,10678.5,14770.0,10679.0,120010.0,89852050
Deribit,eth_usd,350.36,1601888172.371,350.2,3842.0,350.25,24652.0,25762764
Deribit,btc_usd,10678.52,1601888173.03,10678.5,27270.0,10679.0,120010.0,89852050
Deribit,eth_usd,350.36,1601888173.62,350.2,3842.0,350.25,13852.0,25762764
Deribit,eth_usd,350.36,1601888174.513,350.2,3942.0,350.25,13852.0,25762764
Deribit,eth_usd,350.36,1601888174.514,350.2,3942.0,350.25,20852.0,25762764
Deribit,eth_usd,350.36,1601888174.516,350.2,3842.0,350.25,20852.0,25762764
Deribit,eth_usd,350.36,1601888175.502,350.2,5542.0,350.25,20852.0,25762764
Deribit,btc_usd,10678.52,1601888176.212,10678.5,34530.0,10679.0,120010.0,89852050
Deribit,eth_usd,350.35,1601888176.487,350.2,3842.0,350.25,20852.0,25762764
Deribit,btc_usd,10678.52,1601888176.668,10678.5,22030.0,10679.0,120010.0,89852050
Deribit,eth_usd,350.35,1601888176.872,350.2,3842.0,350.25,13852.0,25762764
Deribit,btc_usd,10678.52,1601888176.985,10678.5,47730.0,10679.0,120010.0,89852050
Deribit,btc_usd,10678.52,1601888177.298,10678.5,49530.0,10679.0,120010.0,89852050
Deribit,eth_usd,350.35,1601888177.48,350.2,4942.0,350.25,13852.0,25762764
Deribit,eth_usd,350.35,1601888177.48,350.2,4942.0,350.25,19552.0,25762764
Deribit,eth_usd,350.35,1601888177.496,350.2,5002.0,350.25,19552.0,25762764
Deribit,eth_usd,350.35,1601888177.571,350.2,3902.0,350.25,19552.0,25762764
Deribit,btc_usd,10678.67,1601888177.917,10678.5,23830.0,10679.0,120010.0,89852050
Deribit,btc_usd,10678.67,1601888177.974,10678.5,30930.0,10679.0,120010.0,89852050
Deribit,eth_usd,350.35,1601888178.141,350.2,3692.0,350.25,19552.0,25762764
Deribit,eth_usd,350.35,1601888178.469,350.2,3692.0,350.25,24052.0,25762764
Deribit,eth_usd,350.36,1601888178.917,350.2,3692.0,350.25,19552.0,25762764
Deribit,btc_usd,10678.67,1601888178.963,10678.5,37430.0,10679.0,120010.0,89852050
Deribit,eth_usd,350.36,1601888179.458,350.2,3692.0,350.25,21952.0,25762764
Deribit,btc_usd,10678.67,1601888179.459,10678.5,30930.0,10679.0,120010.0,89852050
Deribit,btc_usd,10678.67,1601888179.952,10678.5,35630.0,10679.0,120010.0,89852050
Deribit,eth_usd,350.36,1601888180.073,350.2,3692.0,350.25,22108.0,25762764
Deribit,eth_usd,350.36,1601888180.075,350.2,3692.0,350.25,19708.0,25762764
Deribit,eth_usd,350.36,1601888180.222,350.2,190.0,350.25,19708.0,25762764
Deribit,eth_usd,350.36,1601888180.446,350.2,1190.0,350.25,19708.0,25762764
Deribit,eth_usd,350.36,1601888180.447,350.2,1190.0,350.25,24208.0,25762764
Deribit,eth_usd,350.36,1601888180.468,350.2,1130.0,350.25,24208.0,25762764
Deribit,eth_usd,350.36,1601888180.508,350.2,3630.0,350.25,24208.0,25762764
Deribit,btc_usd,10678.67,1601888180.511,10678.5,38630.0,10679.0,120010.0,89852050
Deribit,eth_usd,350.36,1601888180.514,350.2,3630.0,350.25,19708.0,25762764
Deribit,eth_usd,350.36,1601888180.532,350.2,1130.0,350.25,19708.0,25762764
Deribit,btc_usd,10678.67,1601888180.533,10678.5,35630.0,10679.0,120010.0,89852050
Deribit,btc_usd,10678.67,1601888180.535,10678.5,30930.0,10679.0,120010.0,89852050
Deribit,eth_usd,350.36,1601888180.879,350.2,1130.0,350.25,14008.0,25762764
Deribit,btc_usd,10678.67,1601888180.941,10678.5,47930.0,10679.0,120010.0,89852050
Deribit,eth_usd,350.36,1601888181.435,350.2,6730.0,350.25,14008.0,25762764
Deribit,eth_usd,350.36,1601888181.436,350.2,6730.0,350.25,18308.0,25762764
Deribit,eth_usd,350.36,1601888181.457,350.2,6790.0,350.25,18308.0,25762764
Deribit,btc_usd,10678.67,1601888181.75,10678.5,30930.0,10679.0,120010.0,89852050
Deribit,btc_usd,10678.67,1601888181.929,10678.5,42430.0,10679.0,120010.0,89852050
Deribit,eth_usd,350.36,1601888182.424,350.2,6790.0,350.25,20508.0,25762764
Deribit,btc_usd,10678.67,1601888182.589,10678.5,42430.0,10679.0,120110.0,89852050
Deribit,btc_usd,10678.71,1601888182.684,10678.5,42400.0,10679.0,120110.0,89852050
Deribit,eth_usd,350.36,1601888182.914,350.2,1190.0,350.25,20508.0,25762764
Deribit,eth_usd,350.36,1601888182.923,350.2,190.0,350.25,20508.0,25762764
Deribit,btc_usd,10678.71,1601888182.99,10678.5,42400.0,10679.0,121290.0,89852050
Deribit,btc_usd,10678.71,1601888183.286,10678.5,30900.0,10679.0,121290.0,89852050
Deribit,eth_usd,350.36,1601888183.413,350.2,1090.0,350.25,20508.0,25762764
Deribit,eth_usd,350.36,1601888183.414,350.2,1090.0,350.25,22908.0,25762764
Deribit,eth_usd,350.36,1601888183.421,350.2,1090.0,350.25,20508.0,25762764
Deribit,eth_usd,350.36,1601888183.546,350.2,1090.0,350.25,18308.0,25762764
Deribit,btc_usd,10678.71,1601888183.636,10678.5,34100.0,10679.0,121290.0,89852050
Deribit,btc_usd,10678.67,1601888183.952,10678.5,27000.0,10679.0,121290.0,89852050
Deribit,eth_usd,350.36,1601888184.343,350.2,4592.0,350.25,18308.0,25762764
Deribit,eth_usd,350.36,1601888184.401,350.2,5892.0,350.25,18308.0,25762764
Deribit,eth_usd,350.36,1601888184.548,350.2,4592.0,350.25,18308.0,25762764
Deribit,btc_usd,10678.67,1601888184.634,10678.5,27030.0,10679.0,121290.0,89852050
Deribit,btc_usd,10678.65,1601888184.896,10678.5,37530.0,10679.0,121290.0,89852050
Deribit,eth_usd,350.36,1601888185.221,350.2,1090.0,350.25,18308.0,25762764
Deribit,btc_usd,10678.65,1601888185.226,10678.5,27030.0,10679.0,121290.0,89852050
Deribit,eth_usd,350.36,1601888185.39,350.2,4090.0,350.25,18308.0,25762764
Deribit,eth_usd,350.36,1601888185.391,350.2,4090.0,350.25,20008.0,25762764
Deribit,eth_usd,350.36,1601888185.81,350.2,1090.0,350.25,20008.0,25762764
Deribit,btc_usd,10678.65,1601888185.885,10678.5,34930.0,10679.0,121290.0,89852050
Deribit,eth_usd,350.36,1601888186.379,350.2,3690.0,350.25,20008.0,25762764
Deribit,btc_usd,10678.65,1601888186.545,10678.5,27030.0,10679.0,121290.0,89852050
Deribit,eth_usd,350.36,1601888186.546,350.2,1090.0,350.25,20008.0,25762764
Deribit,btc_usd,10678.65,1601888186.874,10678.5,38430.0,10679.0,121290.0,89852050
Deribit,eth_usd,350.36,1601888186.942,350.2,1090.0,350.25,18308.0,25762764
Deribit,btc_usd,10678.65,1601888186.952,10678.5,27030.0,10679.0,121290.0,89852050
Deribit,eth_usd,350.36,1601888187.016,350.2,4592.0,350.25,18308.0,25762764
Deribit,eth_usd,350.36,1601888187.368,350.2,5992.0,350.25,18308.0,25762764
Deribit,eth_usd,350.36,1601888187.369,350.2,5992.0,350.25,19508.0,25762764
Deribit,eth_usd,350.36,1601888187.57,350.2,5992.0,350.25,18308.0,25762764
Deribit,eth_usd,350.36,1601888187.636,350.2,5992.0,350.25,14008.0,25762764
Deribit,btc_usd,10678.62,1601888187.862,10678.5,42930.0,10679.0,121290.0,89852050
Deribit,eth_usd,350.36,1601888188.357,350.2,8692.0,350.25,14008.0,25762764
Deribit,eth_usd,350.36,1601888188.358,350.2,8692.0,350.25,16508.0,25762764
Deribit,btc_usd,10678.62,1601888188.589,10678.5,42930.0,10679.0,121190.0,89852050
Deribit,eth_usd,350.36,1601888188.914,350.2,8692.0,350.25,14008.0,25762764
Deribit,eth_usd,350.36,1601888189.346,350.2,8692.0,350.25,16408.0,25762764
Deribit,eth_usd,350.36,1601888189.797,350.2,5992.0,350.25,16408.0,25762764
Deribit,btc_usd,10678.69,1601888189.84,10678.5,47830.0,10679.0,121190.0,89852050
Deribit,btc_usd,10678.69,1601888189.859,10678.5,42930.0,10679.0,121190.0,89852050
Deribit,eth_usd,350.36,1601888189.972,350.2,4592.0,350.25,16408.0,25762764
Deribit,btc_usd,10678.69,1601888189.972,10678.5,27030.0,10679.0,121190.0,89852050
Deribit,eth_usd,350.36,1601888190.335,350.2,8092.0,350.25,16408.0,25762764
Deribit,eth_usd,350.36,1601888190.336,350.2,8092.0,350.25,18108.0,25762764
Deribit,eth_usd,350.36,1601888190.65,350.2,4592.0,350.25,18108.0,25762764
Deribit,btc_usd,10678.55,1601888190.829,10678.5,36030.0,10679.0,121190.0,89852050
Deribit,eth_usd,350.36,1601888190.898,350.2,3692.0,350.25,18108.0,25762764
Deribit,eth_usd,350.36,1601888191.323,350.2,3692.0,350.25,21808.0,25762764
Deribit,eth_usd,350.35,1601888191.919,350.2,3632.0,350.25,21808.0,25762764
Deribit,eth_usd,350.35,1601888192.304,350.2,3632.0,350.25,18108.0,25762764
Deribit,eth_usd,350.35,1601888192.312,350.2,6232.0,350.25,18108.0,25762764
Deribit,eth_usd,350.35,1601888192.314,350.2,6232.0,350.25,19108.0,25762764
Deribit,eth_usd,350.35,1601888192.484,350.2,3632.0,350.25,19108.0,25762764
Deribit,btc_usd,10678.51,1601888192.807,10678.5,40830.0,10679.0,121190.0,89852050
Deribit,btc_usd,10678.51,1601888192.961,10678.5,31830.0,10679.0,121190.0,89852050
Deribit,btc_usd,10678.51,1601888192.963,10678.5,27030.0,10679.0,121190.0,89852050
Deribit,eth_usd,350.35,1601888193.301,350.2,3732.0,350.25,19108.0,25762764
Deribit,eth_usd,350.35,1601888193.302,350.2,3732.0,350.25,22208.0,25762764
Deribit,eth_usd,350.35,1601888193.304,350.2,3632.0,350.25,22208.0,25762764
Deribit,btc_usd,10678.52,1601888193.796,10678.5,29730.0,10679.0,121190.0,89852050
Deribit,btc_usd,10678.52,1601888193.798,10678.5,27030.0,10679.0,121190.0,89852050
Deribit,eth_usd,350.35,1601888193.832,350.2,130.0,350.25,22208.0,25762764
Deribit,eth_usd,350.35,1601888194.29,350.2,430.0,350.25,22208.0,25762764
Deribit,eth_usd,350.35,1601888194.291,350.2,430.0,350.25,23908.0,25762764
Deribit,eth_usd,350.35,1601888194.498,350.2,430.0,350.25,22208.0,25762764
Deribit,eth_usd,350.35,1601888194.688,350.2,130.0,350.25,22208.0,25762764
Deribit,btc_usd,10678.52,1601888194.688,10678.5,14430.0,10679.0,121190.0,89852050
Deribit,btc_usd,10678.52,1601888194.785,10678.5,29430.0,10679.0,121190.0,89852050
Deribit,eth_usd,350.35,1601888194.995,350.2,130.0,350.25,19108.0,25762764
Deribit,eth_usd,350.35,1601888194.997,350.2,130.0,350.25,18108.0,25762764
Deribit,eth_usd,350.35,1601888195.093,350.2,3632.0,350.25,18108.0,25762764
Deribit,eth_usd,350.35,1601888195.267,350.2,130.0,350.25,18108.0,25762764
Deribit,eth_usd,350.35,1601888195.279,350.2,3330.0,350.25,18108.0,25762764
Deribit,eth_usd,350.35,1601888195.28,350.2,3330.0,350.25,21808.0,25762764
Deribit,btc_usd,10678.52,1601888195.416,10678.5,14430.0,10679.0,121190.0,89852050
Deribit,btc_usd,10678.52,1601888195.417,10678.5,7170.0,10679.0,121190.0,89852050
Deribit,eth_usd,350.35,1601888195.418,350.2,130.0,350.25,21808.0,25762764
Deribit,btc_usd,10678.52,1601888195.549,10678.5,5370.0,10679.0,121190.0,89852050
Deribit,btc_usd,10678.23,1601888195.773,10678.5,13170.0,10679.0,121190.0,89852050
Deribit,eth_usd,350.35,1601888196.136,350.2,130.0,350.25,18108.0,25762764
Deribit,btc_usd,10678.23,1601888196.221,10678.5,5370.0,10679.0,121190.0,89852050
Deribit,eth_usd,350.35,1601888196.268,350.2,530.0,350.25,18108.0,25762764
Deribit,eth_usd,350.35,1601888196.269,350.2,530.0,350.25,24308.0,25762764
Deribit,eth_usd,350.35,1601888196.447,350.2,130.0,350.25,24308.0,25762764
Deribit,btc_usd,10678.12,1601888196.762,10678.5,17170.0,10679.0,121190.0,89852050
Deribit,btc_usd,10678.12,1601888196.831,10678.5,5370.0,10679.0,121190.0,89852050
Deribit,eth_usd,350.34,1601888196.838,350.2,130.0,350.25,18108.0,25762764
Deribit,eth_usd,350.34,1601888197.257,350.2,1130.0,350.25,18108.0,25762764
Deribit,eth_usd,350.34,1601888197.258,350.2,1130.0,350.25,24308.0,25762764
Deribit,eth_usd,350.34,1601888197.477,350.2,1130.0,350.25,18108.0,25762764
Deribit,eth_usd,350.34,1601888197.646,350.2,130.0,350.25,18108.0,25762764
Deribit,btc_usd,10678.12,1601888197.752,10678.5,8470.0,10679.0,121190.0,89852050
Deribit,btc_usd,10677.93,1601888198.164,10678.5,5370.0,10679.0,121190.0,89852050
Deribit,eth_usd,350.34,1601888198.245,350.2,1930.0,350.25,18108.0,25762764
Deribit,eth_usd,350.34,1601888198.247,350.2,1930.0,350.25,23408.0,25762764
Deribit,eth_usd,350.34,1601888198.678,350.2,1930.0,350.25,18108.0,25762764
Deribit,btc_usd,10677.93,1601888198.74,10678.5,21470.0,10679.0,121190.0,89852050
Deribit,eth_usd,350.35,1601888198.893,350.2,1930.0,350.25,16408.0,25762764
Deribit,eth_usd,350.35,1601888199.0,350.2,130.0,350.25,16408.0,25762764
Deribit,btc_usd,10677.93,1601888199.182,10678.5,22070.0,10679.0,121190.0,89852050
Deribit,eth_usd,350.35,1601888199.234,350.2,2930.0,350.25,16408.0,25762764
Deribit,eth_usd,350.35,1601888199.236,350.2,2930.0,350.25,22308.0,25762764
Deribit,btc_usd,10677.93,1601888199.729,10678.5,33670.0,10679.0,121190.0,89852050
Deribit,btc_usd,10677.93,1601888199.759,10678.5,22070.0,10679.0,121190.0,89852050
Deribit,btc_usd,10677.93,1601888200.182,10678.5,21470.0,10679.0,121190.0,89852050
Deribit,eth_usd,350.35,1601888200.223,350.2,4430.0,350.25,22308.0,25762764
Deribit,eth_usd,350.35,1601888200.366,350.2,2930.0,350.25,22308.0,25762764
Deribit,btc_usd,10677.93,1601888200.367,10678.5,5370.0,10679.0,121190.0,89852050
Deribit,eth_usd,350.35,1601888200.368,350.2,130.0,350.25,22308.0,25762764
Deribit,btc_usd,10677.93,1601888200.718,10678.5,19770.0,10679.0,121190.0,89852050
Deribit,btc_usd,10677.89,1601888201.166,10678.5,20210.0,10679.0,121190.0,89852050
Deribit,eth_usd,350.35,1601888201.212,350.2,2230.0,350.25,22308.0,25762764
Deribit,eth_usd,350.35,1601888201.469,350.15,4536.0,350.25,22308.0,25764954
Deribit,eth_usd,350.35,1601888201.471,350.15,1035.0,350.25,22308.0,25764954
Deribit,eth_usd,350.35,1601888201.472,350.15,1035.0,350.2,6000.0,25764954
Deribit,eth_usd,350.35,1601888201.472,350.15,1035.0,350.2,6653.0,25764954
Deribit,eth_usd,350.35,1601888201.473,350.15,1035.0,350.2,12781.0,25764954
Deribit,eth_usd,350.35,1601888201.473,350.15,1035.0,350.2,16981.0,25764954
Deribit,eth_usd,350.35,1601888201.474,350.15,1035.0,350.2,30526.0,25764954
Deribit,eth_usd,350.35,1601888201.475,350.15,1035.0,350.2,35626.0,25764954
Deribit,eth_usd,350.35,1601888201.477,350.15,1035.0,350.2,30526.0,25764954
Deribit,eth_usd,350.35,1601888201.478,350.15,1035.0,350.2,30536.0,25764954
Deribit,btc_usd,10677.89,1601888201.706,10678.5,28510.0,10679.0,121190.0,89852050
Deribit,eth_usd,350.35,1601888201.812,350.15,1035.0,350.2,26336.0,25764954
Deribit,eth_usd,350.34,1601888201.872,350.15,910.0,350.2,26336.0,25764954
Deribit,eth_usd,350.34,1601888201.891,350.15,1069.0,350.2,26336.0,25764954
Deribit,eth_usd,350.34,1601888202.201,350.15,8369.0,350.2,26336.0,25764954
Deribit,btc_usd,10677.89,1601888202.245,10678.5,20210.0,10679.0,121190.0,89852050
Deribit,btc_usd,10677.89,1601888202.695,10678.5,37110.0,10679.0,121190.0,89852050
Deribit,eth_usd,350.35,1601888203.19,350.15,11269.0,350.2,26336.0,25764954
Deribit,btc_usd,10677.91,1601888203.527,10678.5,20210.0,10679.0,121190.0,89852050
Deribit,btc_usd,10677.91,1601888203.566,10678.5,22010.0,10679.0,121190.0,89852050
Deribit,btc_usd,10677.91,1601888203.569,10678.5,29270.0,10679.0,121190.0,89852050
Deribit,btc_usd,10677.91,1601888203.684,10678.5,34770.0,10679.0,121190.0,89852050
Deribit,btc_usd,10677.91,1601888203.831,10678.5,29270.0,10679.0,121190.0,89852050
Deribit,eth_usd,350.35,1601888203.831,350.15,8369.0,350.2,26336.0,25764954
Deribit,eth_usd,350.34,1601888204.179,350.15,11869.0,350.2,26336.0,25764954
Deribit,eth_usd,350.34,1601888204.321,350.15,11869.0,350.2,26326.0,25764954
Deribit,eth_usd,350.34,1601888204.338,350.15,11929.0,350.2,26326.0,25764954
Deribit,eth_usd,350.34,1601888204.577,350.15,8429.0,350.2,26326.0,25764954
Deribit,btc_usd,10677.91,1601888204.673,10678.5,39070.0,10679.0,121190.0,89852050
Deribit,eth_usd,350.34,1601888205.167,350.15,11729.0,350.2,26326.0,25764954
Deribit,btc_usd,10678.26,1601888205.541,10678.5,29270.0,10679.0,121190.0,89852050
Deribit,btc_usd,10678.26,1601888205.662,10678.5,38170.0,10679.0,121190.0,89852050
Deribit,btc_usd,10678.33,1601888205.824,10678.5,29270.0,10679.0,121190.0,89852050
Deribit,eth_usd,350.34,1601888205.826,350.15,8429.0,350.2,26326.0,25764954
Deribit,eth_usd,350.34,1601888206.156,350.15,12129.0,350.2,26326.0,25764954
Deribit,eth_usd,350.34,1601888206.286,350.15,12169.0,350.2,26326.0,25764954
Deribit,btc_usd,10678.33,1601888206.651,10678.5,42670.0,10679.0,121190.0,89852050
Deribit,eth_usd,350.34,1601888206.793,350.15,8469.0,350.2,26326.0,25764954
Deribit,eth_usd,350.34,1601888207.145,350.15,10069.0,350.2,26326.0,25764954
Deribit,btc_usd,10678.41,1601888207.231,10678.5,42670.0,10679.0,91660.0,89852050
Deribit,eth_usd,350.34,1601888208.413,350.15,8469.0,350.2,26326.0,25764954
Deribit,btc_usd,10678.44,1601888208.697,10678.5,42670.0,10679.0,88460.0,89852050
Deribit,btc_usd,10678.44,1601888208.699,10678.5,42670.0,10679.0,85260.0,89852050
Deribit,btc_usd,10678.44,1601888208.7,10678.5,42670.0,10679.0,88460.0,89852050
Deribit,btc_usd,10678.44,1601888208.7,10678.5,42670.0,10679.0,85260.0,89852050
Deribit,btc_usd,10678.44,1601888208.701,10678.5,42670.0,10679.0,88460.0,89852050
Deribit,btc_usd,10678.44,1601888208.701,10678.5,42670.0,10679.0,84190.0,89852050
Deribit,btc_usd,10678.44,1601888208.702,10678.5,42670.0,10679.0,87390.0,89852050
Deribit,btc_usd,10678.44,1601888208.703,10678.5,42670.0,10679.0,91660.0,89852050
Deribit,btc_usd,10678.44,1601888208.727,10678.5,42670.0,10679.0,88460.0,89852050
Deribit,btc_usd,10678.44,1601888208.727,10678.5,42670.0,10679.0,85260.0,89852050
Deribit,btc_usd,10678.44,1601888208.728,10678.5,42670.0,10679.0,82060.0,89852050
Deribit,btc_usd,10678.44,1601888208.728,10678.5,42670.0,10679.0,77790.0,89852050
Deribit,eth_usd,350.34,1601888208.735,350.15,8469.0,350.2,20198.0,25764954
Deribit,eth_usd,350.34,1601888208.737,350.15,20724.0,350.2,20198.0,25764954
Deribit,btc_usd,10678.44,1601888209.045,10678.5,42670.0,10679.0,76890.0,89852050
Deribit,btc_usd,10678.44,1601888209.284,10678.5,42670.0,10679.0,77790.0,89852050
Deribit,btc_usd,10678.44,1601888209.315,10678.5,42570.0,10679.0,77790.0,89852050
Deribit,btc_usd,10678.44,1601888209.329,10678.5,29170.0,10679.0,77790.0,89852050
Deribit,btc_usd,10678.44,1601888209.357,10678.5,29170.0,10679.0,80990.0,89852050
Deribit,btc_usd,10678.44,1601888209.416,10678.5,29170.0,10679.0,84190.0,89852050
Deribit,eth_usd,350.34,1601888209.416,350.15,13424.0,350.2,20198.0,25764954
Deribit,btc_usd,10678.44,1601888209.418,10678.5,29170.0,10679.0,88460.0,89852050
Deribit,eth_usd,350.34,1601888209.43,350.15,1169.0,350.2,20198.0,25764954
Deribit,btc_usd,10678.44,1601888209.451,10678.5,29170.0,10679.0,91660.0,89852050
Deribit,btc_usd,10678.44,1601888209.556,10678.5,29170.0,10679.0,90760.0,89852050
Deribit,btc_usd,10678.44,1601888209.617,10678.5,33270.0,10679.0,90760.0,89852050
Deribit,eth_usd,350.34,1601888209.794,350.15,1010.0,350.2,20198.0,25764954
Deribit,btc_usd,10678.44,1601888209.8,10678.5,33270.0,10679.0,91660.0,89852050
Deribit,eth_usd,350.34,1601888210.112,350.15,7910.0,350.2,20198.0,25764954
Deribit,eth_usd,350.34,1601888210.31,350.15,8059.0,350.2,20198.0,25764954
Deribit,btc_usd,10678.44,1601888210.438,10678.5,18870.0,10679.0,91660.0,89852050
Deribit,btc_usd,10678.44,1601888210.439,10678.5,14770.0,10679.0,91660.0,89852050
Deribit,btc_usd,10678.44,1601888210.606,10678.5,31370.0,10679.0,91660.0,89852050
Deribit,eth_usd,350.34,1601888211.101,350.15,12959.0,350.2,20198.0,25764954
Deribit,btc_usd,10678.4,1601888211.571,10678.5,31970.0,10679.0,91660.0,89852050
Deribit,btc_usd,10678.4,1601888211.595,10678.5,47670.0,10679.0,91660.0,89852050
Deribit,btc_usd,10678.43,1601888211.995,10678.5,31970.0,10679.0,91660.0,89852050
Deribit,eth_usd,350.34,1601888212.141,350.15,8059.0,350.2,20198.0,25764954
Deribit,btc_usd,10678.43,1601888212.143,10678.5,15370.0,10679.0,91660.0,89852050
Deribit,btc_usd,10678.43,1601888212.584,10678.5,29470.0,10679.0,91660.0,89852050
Deribit,btc_usd,10678.43,1601888212.606,10678.5,28870.0,10679.0,91660.0,89852050
Deribit,eth_usd,350.34,1601888213.078,350.15,9459.0,350.2,20198.0,25764954
Deribit,btc_usd,10678.34,1601888213.573,10678.5,31070.0,10679.0,91660.0,89852050
Deribit,eth_usd,350.34,1601888213.644,350.15,8059.0,350.2,20198.0,25764954
Deribit,eth_usd,350.34,1601888214.067,350.15,10559.0,350.2,20198.0,25764954
Deribit,btc_usd,10678.34,1601888214.562,10678.5,38470.0,10679.0,91660.0,89852050
Deribit,eth_usd,350.34,1601888214.911,350.15,8059.0,350.2,20198.0,25764954
Deribit,btc_usd,10678.34,1601888214.911,10678.5,36270.0,10679.0,91660.0,89852050
Deribit,btc_usd,10678.34,1601888214.913,10678.5,28870.0,10679.0,91660.0,89852050
Deribit,btc_usd,10678.34,1601888214.914,10678.5,14770.0,10679.0,91660.0,89852050
Deribit,btc_usd,10678.34,1601888215.55,10678.5,21470.0,10679.0,91660.0,89852050
Deribit,btc_usd,10678.34,1601888215.743,10678.5,14770.0,10679.0,91660.0,89852050
Deribit,eth_usd,350.34,1601888216.045,350.15,9659.0,350.2,20198.0,25764954
Deribit,eth_usd,350.34,1601888216.066,350.15,8059.0,350.2,20198.0,25764954
Deribit,eth_usd,350.34,1601888216.196,350.15,1159.0,350.2,20198.0,25764954
Deribit,btc_usd,10678.2,1601888216.245,10678.5,12970.0,10679.0,91660.0,89852050
Deribit,btc_usd,10678.2,1601888216.332,10678.5,12970.0,10679.0,121760.0,89852050
Deribit,eth_usd,350.34,1601888217.034,350.15,8959.0,350.2,20198.0,25764954
Deribit,btc_usd,10678.12,1601888217.528,10678.5,24570.0,10679.0,121760.0,89852050
Deribit,btc_usd,10678.12,1601888217.615,10678.5,12970.0,10679.0,121760.0,89852050
Deribit,eth_usd,350.34,1601888218.023,350.15,10459.0,350.2,20198.0,25764954
Deribit,eth_usd,350.34,1601888218.278,350.15,8959.0,350.2,20198.0,25764954
Deribit,btc_usd,10678.12,1601888218.517,10678.5,18370.0,10679.0,121760.0,89852050
Deribit,eth_usd,350.34,1601888219.011,350.15,11859.0,350.2,20198.0,25764954
Deribit,eth_usd,350.34,1601888219.451,350.15,12069.0,350.2,20198.0,25764954
Deribit,btc_usd,10678.07,1601888219.507,10678.5,26070.0,10679.0,121760.0,89852050
Deribit,eth_usd,350.34,1601888219.653,350.15,11920.0,350.2,20198.0,25764954
Deribit,eth_usd,350.34,1601888220.0,350.15,13720.0,350.2,20198.0,25764954
Deribit,eth_usd,350.34,1601888220.108,350.15,13861.0,350.2,20198.0,25764954
Deribit,btc_usd,10678.07,1601888220.123,10678.5,20670.0,10679.0,121760.0,89852050
Deribit,eth_usd,350.34,1601888220.122,350.15,12061.0,350.2,20198.0,25764954
Deribit,eth_usd,350.34,1601888220.124,350.15,9161.0,350.2,20198.0,25764954
Deribit,btc_usd,10678.07,1601888220.124,10678.5,12970.0,10679.0,121760.0,89852050
Deribit,btc_usd,10678.07,1601888220.362,10678.5,12920.0,10679.0,121760.0,89852000
Deribit,btc_usd,10678.07,1601888220.495,10678.5,34220.0,10679.0,121760.0,89852000
Deribit,btc_usd,10678.07,1601888220.791,10678.5,12920.0,10679.0,121760.0,89852000
Deribit,eth_usd,350.34,1601888220.973,350.15,9161.0,350.2,19545.0,25764954
Deribit,eth_usd,350.34,1601888220.989,350.15,16661.0,350.2,19545.0,25764954
Deribit,eth_usd,350.34,1601888221.01,350.15,20162.0,350.2,19545.0,25764954
Deribit,btc_usd,10678.04,1601888221.48,10678.5,12920.0,10679.0,91660.0,89852000
Deribit,btc_usd,10678.04,1601888221.484,10678.5,48820.0,10679.0,91660.0,89852000
Deribit,eth_usd,350.34,1601888221.544,350.15,20162.0,350.2,13545.0,25764954
Deribit,btc_usd,10678.04,1601888221.583,10678.5,50620.0,10679.0,91660.0,89852000
Deribit,btc_usd,10678.04,1601888221.604,10678.5,50620.0,10679.0,88460.0,89852000
Deribit,btc_usd,10678.04,1601888221.605,10678.5,50620.0,10679.0,84190.0,89852000
Deribit,btc_usd,10678.04,1601888221.606,10678.5,50620.0,10679.0,80990.0,89852000
Deribit,btc_usd,10678.04,1601888221.606,10678.5,50620.0,10679.0,77790.0,89852000
Deribit,btc_usd,10678.04,1601888221.704,10678.5,50620.0,10679.0,82060.0,89852000
Deribit,btc_usd,10678.04,1601888221.705,10678.5,50620.0,10679.0,85260.0,89852000
Deribit,btc_usd,10678.04,1601888221.705,10678.5,50620.0,10679.0,88460.0,89852000
Deribit,btc_usd,10678.04,1601888221.706,10678.5,50620.0,10679.0,91660.0,89852000
Deribit,eth_usd,350.34,1601888221.748,350.15,20962.0,350.2,13545.0,25764954
Deribit,btc_usd,10678.04,1601888221.801,10678.5,50620.0,10679.0,71660.0,89852000
Deribit,eth_usd,350.35,1601888221.982,350.15,24062.0,350.2,13545.0,25764954
Deribit,eth_usd,350.35,1601888222.005,350.15,24062.0,350.25,16781.0,25764954
Deribit,eth_usd,350.35,1601888222.007,350.2,12256.0,350.25,16781.0,25764954
Deribit,eth_usd,350.35,1601888222.008,350.2,12309.0,350.25,16781.0,25764954
Deribit,eth_usd,350.35,1601888222.009,350.2,15811.0,350.25,16781.0,25764954
Deribit,eth_usd,350.35,1601888222.009,350.2,21711.0,350.25,16781.0,25764954
Deribit,eth_usd,350.35,1601888222.011,350.2,21711.0,350.25,30328.0,25764954
Deribit,eth_usd,350.35,1601888222.012,350.2,15811.0,350.25,30328.0,25764954
Deribit,eth_usd,350.35,1601888222.015,350.2,15811.0,350.25,16781.0,25764954
Deribit,btc_usd,10678.35,1601888222.031,10678.5,50620.0,10679.0,70760.0,89852000
Deribit,eth_usd,350.35,1601888222.032,350.2,15871.0,350.25,16781.0,25764954
Deribit,eth_usd,350.35,1601888222.039,350.2,15871.0,350.25,431.0,25764954
Deribit,eth_usd,350.35,1601888222.094,350.2,16671.0,350.25,431.0,25764954
Deribit,eth_usd,350.35,1601888222.103,350.2,16671.0,350.25,13978.0,25764954
Deribit,eth_usd,350.35,1601888222.205,350.2,15871.0,350.25,13978.0,25764954
Deribit,btc_usd,10678.35,1601888222.263,10678.5,50620.0,10679.0,71660.0,89852000
Deribit,eth_usd,350.35,1601888222.279,350.2,15871.0,350.25,431.0,25764954
Deribit,eth_usd,350.35,1601888222.429,350.2,99491.0,350.25,431.0,25764954
Deribit,eth_usd,350.35,1601888222.6,350.2,100291.0,350.25,431.0,25764954
Deribit,btc_usd,10678.34,1601888223.023,10678.5,50180.0,10679.0,71660.0,89852000
Deribit,eth_usd,350.37,1601888223.176,350.2,100301.0,350.25,431.0,25764954
Deribit,btc_usd,10678.34,1601888223.461,10678.5,67280.0,10679.0,71660.0,89852000
Deribit,eth_usd,350.37,1601888223.474,350.2,100301.0,350.25,13978.0,25764954
Deribit,btc_usd,10678.34,1601888223.64,10678.5,67280.0,10679.0,68460.0,89852000
Deribit,btc_usd,10678.34,1601888223.641,10678.5,67280.0,10679.0,64190.0,89852000
Deribit,btc_usd,10678.34,1601888223.641,10678.5,67280.0,10679.0,60990.0,89852000
Deribit,btc_usd,10678.34,1601888223.642,10678.5,67280.0,10679.0,57790.0,89852000
Deribit,btc_usd,10678.34,1601888223.643,10678.5,67280.0,10679.0,60990.0,89852000
Deribit,btc_usd,10678.34,1601888223.643,10678.5,67280.0,10679.0,65260.0,89852000
Deribit,btc_usd,10678.34,1601888223.644,10678.5,67280.0,10679.0,68460.0,89852000
Deribit,btc_usd,10678.34,1601888223.644,10678.5,67280.0,10679.0,71660.0,89852000
Deribit,btc_usd,10678.34,1601888223.645,10678.5,67280.0,10679.0,67390.0,89852000
Deribit,btc_usd,10678.34,1601888223.646,10678.5,67280.0,10679.0,64190.0,89852000
Deribit,btc_usd,10678.34,1601888223.646,10678.5,67280.0,10679.0,60990.0,89852000
Deribit,btc_usd,10678.34,1601888223.647,10678.5,67280.0,10679.0,57790.0,89852000
Deribit,eth_usd,350.37,1601888223.765,350.2,100301.0,350.25,431.0,25764954
Deribit,eth_usd,350.37,1601888223.77,350.2,131301.0,350.25,431.0,25764954
Deribit,eth_usd,350.37,1601888223.891,350.2,131301.0,350.25,13978.0,25764954
Deribit,eth_usd,350.4,1601888224.305,350.2,100301.0,350.25,13978.0,25764954
Deribit,btc_usd,10678.73,1601888224.373,10678.5,50180.0,10679.0,57790.0,89852000
Deribit,btc_usd,10678.73,1601888224.45,10678.5,57580.0,10679.0,57790.0,89852000
Deribit,btc_usd,10678.73,1601888224.473,10678.5,57580.0,10679.0,60990.0,89852000
Deribit,btc_usd,10678.73,1601888224.474,10678.5,57580.0,10679.0,65260.0,89852000
Deribit,btc_usd,10678.73,1601888224.474,10678.5,57580.0,10679.0,68460.0,89852000
Deribit,btc_usd,10678.73,1601888224.572,10678.5,57580.0,10679.0,71660.0,89852000
Deribit,btc_usd,10678.73,1601888224.588,10678.5,57580.0,10679.0,71760.0,89852000
Deribit,eth_usd,350.4,1601888225.255,350.2,100331.0,350.25,13978.0,25764954
Deribit,btc_usd,10678.8,1601888225.269,10678.5,57580.0,10679.0,68560.0,89852000
Deribit,btc_usd,10678.8,1601888225.272,10678.5,57580.0,10679.0,71760.0,89852000
Deribit,btc_usd,10678.8,1601888225.353,10678.5,50180.0,10679.0,71760.0,89852000
Deribit,eth_usd,350.4,1601888225.434,350.2,100331.0,350.25,431.0,25764954
Deribit,btc_usd,10678.8,1601888225.44,10678.5,66680.0,10679.0,71760.0,89852000
Deribit,btc_usd,10678.8,1601888225.469,10678.5,66680.0,10679.0,68560.0,89852000
Deribit,btc_usd,10678.8,1601888225.47,10678.5,66680.0,10679.0,65360.0,89852000
Deribit,btc_usd,10678.8,1601888225.471,10678.5,66680.0,10679.0,61090.0,89852000
Deribit,btc_usd,10678.8,1601888225.471,10678.5,66680.0,10679.0,57890.0,89852000
Deribit,btc_usd,10678.8,1601888225.535,10678.5,50180.0,10679.0,57890.0,89852000
Deribit,eth_usd,350.4,1601888225.933,350.2,100331.0,350.25,2631.0,25764954
Deribit,btc_usd,10678.8,1601888226.428,10678.5,57880.0,10679.0,57890.0,89852000
Deribit,btc_usd,10678.8,1601888226.659,10678.5,50180.0,10679.0,57890.0,89852000
Deribit,eth_usd,350.4,1601888226.839,350.2,131331.0,350.25,2631.0,25764954
Deribit,eth_usd,350.4,1601888226.922,350.2,131331.0,350.25,3231.0,25764954
Deribit,eth_usd,350.4,1601888227.326,350.2,100331.0,350.25,3231.0,25764954
Deribit,eth_usd,350.4,1601888227.39,350.2,100278.0,350.25,3231.0,25764954
Deribit,btc_usd,10678.73,1601888227.417,10678.5,59580.0,10679.0,57890.0,89852000
Deribit,eth_usd,350.4,1601888227.544,350.2,100278.0,350.25,16778.0,25764954
Deribit,eth_usd,350.4,1601888228.707,350.2,100278.0,350.25,16178.0,25764954
Deribit,eth_usd,350.4,1601888228.709,350.2,100278.0,350.25,13978.0,25764954
Deribit,eth_usd,350.4,1601888228.964,350.2,100278.0,350.25,431.0,25764954
Deribit,btc_usd,10678.75,1601888229.394,10678.5,65280.0,10679.0,57890.0,89852000
Deribit,eth_usd,350.4,1601888229.651,350.2,100278.0,350.25,13978.0,25764954
Deribit,btc_usd,10678.75,1601888229.897,10678.5,59580.0,10679.0,57890.0,89852000
Deribit,btc_usd,10678.75,1601888229.904,10678.5,62680.0,10679.0,57890.0,89852000
Deribit,btc_usd,10678.8,1601888231.399,10678.5,53280.0,10679.0,57890.0,89852000
Deribit,btc_usd,10678.8,1601888231.41,10678.5,53880.0,10679.0,57890.0,89852000
Deribit,btc_usd,10678.82,1601888232.315,10678.5,53280.0,10679.0,57890.0,89852000
Deribit,btc_usd,10678.82,1601888232.361,10678.5,61180.0,10679.0,57890.0,89852000
Deribit,btc_usd,10678.82,1601888232.549,10678.5,53280.0,10679.0,57890.0,89852000
Deribit,btc_usd,10678.82,1601888232.811,10678.5,50180.0,10679.0,57890.0,89852000
Deribit,btc_usd,10678.73,1601888233.258,10678.5,50180.0,10679.0,77890.0,89852000
Deribit,btc_usd,10678.73,1601888233.27,10678.5,50780.0,10679.0,77890.0,89852000
Deribit,eth_usd,350.4,1601888233.381,350.2,99478.0,350.25,13978.0,25764954
Deribit,eth_usd,350.4,1601888233.391,350.2,99468.0,350.25,13978.0,25764954
Deribit,eth_usd,350.4,1601888233.413,350.2,99468.0,350.25,20107.0,25764954
Deribit,eth_usd,350.4,1601888233.414,350.2,87212.0,350.25,20107.0,25764954
Deribit,eth_usd,350.4,1601888233.511,350.2,3592.0,350.25,20107.0,25764954
Deribit,eth_usd,350.4,1601888233.844,350.2,4892.0,350.25,20107.0,25764954
Deribit,btc_usd,10678.47,1601888234.277,10678.5,50180.0,10679.0,77890.0,89852000
Deribit,btc_usd,10678.47,1601888234.286,10678.5,50180.0,10679.0,77880.0,89851990
Deribit,btc_usd,10678.47,1601888234.289,10678.5,66980.0,10679.0,77880.0,89851990
Deribit,btc_usd,10678.47,1601888234.758,10678.5,50180.0,10679.0,77880.0,89851990
Deribit,btc_usd,10678.47,1601888234.803,10678.5,50180.0,10679.0,81080.0,89851990
Deribit,btc_usd,10678.47,1601888234.805,10678.5,50180.0,10679.0,77880.0,89851990
Deribit,btc_usd,10678.47,1601888234.806,10678.5,50180.0,10679.0,82150.0,89851990
Deribit,btc_usd,10678.47,1601888234.807,10678.5,50180.0,10679.0,85350.0,89851990
Deribit,btc_usd,10678.47,1601888234.808,10678.5,50180.0,10679.0,88550.0,89851990
Deribit,btc_usd,10678.47,1601888234.809,10678.5,50180.0,10679.0,84280.0,89851990
Deribit,btc_usd,10678.47,1601888234.81,10678.5,50180.0,10679.0,81080.0,89851990
Deribit,btc_usd,10678.47,1601888234.812,10678.5,50180.0,10679.0,77880.0,89851990
Deribit,eth_usd,350.4,1601888234.833,350.2,9092.0,350.25,20107.0,25764954
Deribit,btc_usd,10678.47,1601888234.844,10678.5,50180.0,10679.0,82150.0,89851990
Deribit,btc_usd,10678.47,1601888234.844,10678.5,50180.0,10679.0,85350.0,89851990
Deribit,btc_usd,10678.47,1601888234.845,10678.5,50180.0,10679.0,88550.0,89851990
Deribit,btc_usd,10678.47,1601888234.846,10678.5,50180.0,10679.0,91750.0,89851990
Deribit,eth_usd,350.4,1601888235.04,350.2,7792.0,350.25,20107.0,25764954
Deribit,eth_usd,350.4,1601888235.041,350.2,3592.0,350.25,20107.0,25764954
Deribit,btc_usd,10678.49,1601888235.101,10678.5,50180.0,10679.0,90850.0,89851990
Deribit,btc_usd,10678.49,1601888235.328,10678.5,57080.0,10679.0,90850.0,89851990
Deribit,btc_usd,10678.49,1601888235.372,10678.5,57080.0,10679.0,91750.0,89851990
Deribit,btc_usd,10678.49,1601888235.615,10678.5,50180.0,10679.0,91750.0,89851990
Deribit,btc_usd,10678.49,1601888235.622,10678.5,50180.0,10679.0,90850.0,89851990
Deribit,btc_usd,10678.49,1601888235.728,10678.5,48380.0,10679.0,90850.0,89851990
Deribit,eth_usd,350.39,1601888235.822,350.2,8492.0,350.25,20107.0,25764954
Deribit,btc_usd,10678.49,1601888235.882,10678.5,48380.0,10679.0,91750.0,89851990
Deribit,btc_usd,10678.35,1601888236.278,10678.5,50180.0,10679.0,91750.0,89851990
Deribit,btc_usd,10678.35,1601888236.316,10678.5,72980.0,10679.0,91750.0,89851990
Deribit,eth_usd,350.39,1601888236.605,350.2,3592.0,350.25,20107.0,25764954
Deribit,btc_usd,10678.35,1601888236.605,10678.5,50180.0,10679.0,91750.0,89851990
Deribit,btc_usd,10678.35,1601888236.607,10678.5,14280.0,10679.0,91750.0,89851990
Deribit,btc_usd,10678.35,1601888236.613,10678.5,14280.0,10679.0,90850.0,89851990
Deribit,eth_usd,350.39,1601888236.811,350.2,9592.0,350.25,20107.0,25764954
Deribit,btc_usd,10678.35,1601888236.874,10678.5,14280.0,10679.0,91750.0,89851990
Deribit,btc_usd,10678.43,1601888237.305,10678.5,53080.0,10679.0,91750.0,89851990
Deribit,btc_usd,10678.43,1601888237.359,10678.5,53680.0,10679.0,91750.0,89851990
Deribit,eth_usd,350.39,1601888237.8,350.2,12092.0,350.25,20107.0,25764954
Deribit,eth_usd,350.39,1601888238.281,350.2,9592.0,350.25,20107.0,25764954
Deribit,btc_usd,10678.43,1601888238.358,10678.5,53080.0,10679.0,91750.0,89851990
Deribit,eth_usd,350.39,1601888238.362,350.2,9592.0,350.25,13978.0,25764954
Deribit,eth_usd,350.39,1601888238.571,350.2,86252.0,350.25,13978.0,25764954
Deribit,btc_usd,10678.39,1601888239.283,10678.5,61980.0,10679.0,91750.0,89851990
Deribit,btc_usd,10678.39,1601888239.547,10678.5,53080.0,10679.0,91750.0,89851990
Deribit,btc_usd,10678.22,1601888243.238,10678.5,59180.0,10679.0,91750.0,89851990
Deribit,btc_usd,10678.22,1601888243.55,10678.5,53080.0,10679.0,91750.0,89851990
Deribit,btc_usd,10678.22,1601888243.552,10678.5,45820.0,10679.0,91750.0,89851990
Deribit,btc_usd,10678.22,1601888243.711,10678.5,7020.0,10679.0,91750.0,89851990
Deribit,eth_usd,350.4,1601888243.732,350.2,80252.0,350.25,13978.0,25764954
Deribit,eth_usd,350.4,1601888243.733,350.2,80252.0,350.25,18978.0,25764954
Deribit,btc_usd,10678.22,1601888243.805,10678.5,5220.0,10679.0,91750.0,89851990
Deribit,eth_usd,350.4,1601888243.823,350.2,80252.0,350.25,13978.0,25764954
Deribit,btc_usd,10678.22,1601888243.92,10678.5,5220.0,10679.0,93750.0,89851990
Deribit,btc_usd,10677.92,1601888244.227,10678.5,16220.0,10679.0,93750.0,89851990
Deribit,btc_usd,10677.92,1601888244.306,10678.5,5220.0,10679.0,93750.0,89851990
Deribit,btc_usd,10677.92,1601888244.439,10678.5,5220.0,10679.0,93650.0,89851990
Deribit,btc_usd,10677.92,1601888244.588,10678.5,5120.0,10679.0,93650.0,89851940
Deribit,btc_usd,10677.92,1601888244.59,10678.5,5120.0,10679.0,98950.0,89851940
Deribit,btc_usd,10677.92,1601888244.592,10678.5,5120.0,10679.0,93650.0,89851940
Deribit,btc_usd,10677.92,1601888244.889,10678.5,5120.0,10679.0,93750.0,89851940
Deribit,eth_usd,350.4,1601888244.932,350.2,80232.0,350.25,13978.0,25764954
Deribit,eth_usd,350.4,1601888244.934,350.2,80232.0,350.25,17278.0,25764954
Deribit,eth_usd,350.4,1601888244.966,350.2,80232.0,350.25,13978.0,25764954
Deribit,btc_usd,10677.92,1601888245.216,10678.5,22920.0,10679.0,93750.0,89851940
Deribit,btc_usd,10677.92,1601888245.223,10678.5,22920.0,10679.0,91750.0,89851940
Deribit,btc_usd,10677.92,1601888245.255,10678.5,5120.0,10679.0,91750.0,89851940
Deribit,btc_usd,10677.92,1601888245.495,10678.5,5120.0,10679.0,89750.0,89853930
Deribit,btc_usd,10677.92,1601888245.498,10678.5,43620.0,10679.0,89750.0,89853930
Deribit,btc_usd,10677.92,1601888245.844,10678.5,43620.0,10679.0,89910.0,89853930
Deribit,btc_usd,10678.25,1601888246.486,10678.5,43590.0,10679.0,89910.0,89853930
Deribit,btc_usd,10678.25,1601888246.786,10678.5,43690.0,10679.0,89910.0,89853930
Deribit,btc_usd,10678.25,1601888246.906,10678.5,5190.0,10679.0,89910.0,89853930
Deribit,btc_usd,10678.21,1601888247.194,10678.5,29090.0,10679.0,89910.0,89853930
Deribit,btc_usd,10678.15,1601888248.445,10678.5,29120.0,10679.0,89910.0,89853930
Deribit,btc_usd,10678.19,1601888249.171,10678.5,33020.0,10679.0,89910.0,89853930
Deribit,btc_usd,10678.19,1601888249.999,10678.5,29120.0,10679.0,89910.0,89853930
Deribit,btc_usd,10678.19,1601888250.16,10678.5,33920.0,10679.0,89910.0,89853930
Deribit,btc_usd,10678.19,1601888250.466,10678.5,33820.0,10679.0,89910.0,89853930
Deribit,btc_usd,10678.19,1601888251.059,10678.5,29020.0,10679.0,89910.0,89853930
Deribit,btc_usd,10678.18,1601888251.149,10678.5,33620.0,10679.0,89910.0,89853930
Deribit,btc_usd,10678.18,1601888251.197,10678.5,29020.0,10679.0,89910.0,89853930
Deribit,btc_usd,10678.17,1601888252.14,10678.5,35720.0,10679.0,89910.0,89853930
Deribit,eth_usd,350.4,1601888252.653,350.2,80232.0,350.25,431.0,25764954
Deribit,eth_usd,350.4,1601888252.959,350.2,111232.0,350.25,431.0,25764954
Deribit,eth_usd,350.4,1601888253.11,350.2,111232.0,350.25,13998.0,25764954
Deribit,btc_usd,10678.17,1601888253.404,10678.5,29020.0,10679.0,89910.0,89853930
Deribit,btc_usd,10678.17,1601888254.116,10678.5,36120.0,10679.0,89910.0,89853930
Deribit,btc_usd,10678.17,1601888254.353,10678.5,29020.0,10679.0,89910.0,89853930
Deribit,eth_usd,350.4,1601888254.839,350.2,111232.0,350.25,431.0,25764954
Deribit,eth_usd,350.4,1601888254.841,350.2,111232.0,350.25,13998.0,25764954
Deribit,btc_usd,10678.17,1601888255.105,10678.5,36320.0,10679.0,89910.0,89853930
Deribit,btc_usd,10678.17,1601888255.516,10678.5,29020.0,10679.0,89910.0,89853930
Deribit,btc_usd,10678.17,1601888256.093,10678.5,56420.0,10679.0,89910.0,89853930
Deribit,eth_usd,350.4,1601888256.544,350.2,111232.0,350.25,431.0,25764954
Deribit,eth_usd,350.4,1601888257.577,350.2,111232.0,350.25,2231.0,25764954
Deribit,btc_usd,10678.25,1601888258.37,10678.5,29020.0,10679.0,89910.0,89853930
Deribit,eth_usd,350.4,1601888258.566,350.2,111232.0,350.25,3031.0,25764954
Deribit,btc_usd,10678.25,1601888259.06,10678.5,41820.0,10679.0,89910.0,89853930
Deribit,eth_usd,350.4,1601888259.065,350.2,111232.0,350.25,2231.0,25764954
Deribit,btc_usd,10678.22,1601888259.752,10678.5,29020.0,10679.0,89910.0,89853930
Deribit,btc_usd,10678.22,1601888260.01,10678.5,5120.0,10679.0,89910.0,89853930
Deribit,btc_usd,10678.22,1601888260.049,10678.5,5120.0,10679.0,91010.0,89853930
Deribit,eth_usd,350.4,1601888260.057,350.2,111232.0,350.25,2075.0,25764954
Deribit,btc_usd,10678.22,1601888260.065,10678.5,5120.0,10679.0,89910.0,89853930
Deribit,eth_usd,350.4,1601888260.082,350.2,112860.0,350.25,2075.0,25764954
Deribit,eth_usd,350.4,1601888260.197,350.2,112860.0,350.25,15642.0,25764954
Deribit,btc_usd,10678.07,1601888261.038,10678.5,30320.0,10679.0,89910.0,89853930
Deribit,eth_usd,350.39,1601888261.155,350.2,112860.0,350.25,13842.0,25764954
Deribit,eth_usd,350.4,1601888261.345,350.2,112860.0,350.25,275.0,25764954
Deribit,eth_usd,350.4,1601888261.532,350.2,112860.0,350.25,1875.0,25764954
Deribit,eth_usd,350.4,1601888261.607,350.2,112860.0,350.25,15442.0,25764954
Deribit,eth_usd,350.4,1601888261.768,350.2,112860.0,350.25,1875.0,25764954
Deribit,btc_usd,10678.05,1601888262.027,10678.5,38720.0,10679.0,89910.0,89853930
Deribit,eth_usd,350.4,1601888262.129,350.2,112860.0,350.25,275.0,25764954
Deribit,eth_usd,350.4,1601888262.166,350.2,113660.0,350.25,275.0,25764954
Deribit,btc_usd,10678.05,1601888262.182,10678.5,30320.0,10679.0,89910.0,89853930
Deribit,eth_usd,350.4,1601888262.48,350.2,113660.0,350.25,13842.0,25764954
Deribit,btc_usd,10678.13,1601888263.015,10678.5,35520.0,10679.0,89910.0,89853930
Deribit,btc_usd,10678.13,1601888263.182,10678.5,30320.0,10679.0,89910.0,89853930
Deribit,btc_usd,10678.04,1601888264.686,10678.5,5120.0,10679.0,89910.0,89853930
Deribit,btc_usd,10678.04,1601888264.993,10678.5,20320.0,10679.0,89910.0,89853930
Deribit,btc_usd,10678.04,1601888265.982,10678.5,28920.0,10679.0,89910.0,89853930
Deribit,btc_usd,10678.04,1601888266.114,10678.5,20320.0,10679.0,89910.0,89853930
Deribit,eth_usd,350.4,1601888266.25,350.2,82660.0,350.25,13842.0,25764954
Deribit,btc_usd,10678.04,1601888266.971,10678.5,35220.0,10679.0,89910.0,89853930
Deribit,btc_usd,10678.04,1601888266.976,10678.5,42480.0,10679.0,89910.0,89853930
Deribit,btc_usd,10678.04,1601888267.055,10678.5,27580.0,10679.0,89910.0,89853930
Deribit,eth_usd,350.4,1601888267.286,350.2,82660.0,350.25,275.0,25764954
Deribit,eth_usd,350.4,1601888267.36,350.2,82660.0,350.3,18770.0,25764954
Deribit,eth_usd,350.4,1601888267.363,350.25,275.0,350.3,18770.0,25764954
Deribit,eth_usd,350.4,1601888267.363,350.25,928.0,350.3,18770.0,25764954
Deribit,eth_usd,350.4,1601888267.364,350.25,981.0,350.3,18770.0,25764954
Deribit,eth_usd,350.4,1601888267.364,350.25,13239.0,350.3,18770.0,25764954
Deribit,eth_usd,350.4,1601888267.365,350.25,44439.0,350.3,18770.0,25764954
Deribit,eth_usd,350.4,1601888267.366,350.25,47941.0,350.3,18770.0,25764954
Deribit,eth_usd,350.4,1601888267.367,350.25,47941.0,350.3,11458.0,25757862
Deribit,eth_usd,350.4,1601888267.369,350.25,47941.0,350.3,6385.0,25752789
Deribit,eth_usd,350.4,1601888267.373,350.25,53941.0,350.3,6385.0,25752789
Deribit,eth_usd,350.4,1601888267.376,350.25,53951.0,350.3,6385.0,25752789
Deribit,eth_usd,350.4,1601888267.393,350.25,54011.0,350.3,6385.0,25752789
Deribit,eth_usd,350.4,1601888267.397,350.25,54811.0,350.3,6385.0,25752789
Deribit,eth_usd,350.4,1601888267.44,350.25,23611.0,350.3,6385.0,25752789
Deribit,eth_usd,350.4,1601888267.465,350.25,29511.0,350.3,6385.0,25752789
Deribit,eth_usd,350.4,1601888267.522,350.25,23611.0,350.3,6385.0,25752789
Deribit,eth_usd,350.4,1601888267.547,350.25,102771.0,350.3,6385.0,25752789
Deribit,eth_usd,350.4,1601888267.554,350.25,122771.0,350.3,6385.0,25752789
Deribit,btc_usd,10678.04,1601888267.555,10678.5,27580.0,10679.0,69910.0,89853930
Deribit,eth_usd,350.4,1601888267.65,350.25,122771.0,350.3,2457.0,25752789
Deribit,eth_usd,350.4,1601888267.652,350.25,122771.0,350.35,218.0,25752789
Deribit,eth_usd,350.4,1601888267.653,350.3,2457.0,350.35,218.0,25752789
Deribit,eth_usd,350.4,1601888267.654,350.3,5960.0,350.35,218.0,25752789
Deribit,eth_usd,350.4,1601888267.655,350.3,11960.0,350.35,218.0,25752789
Deribit,eth_usd,350.4,1601888267.659,350.3,11970.0,350.35,218.0,25752789
Deribit,eth_usd,350.4,1601888267.662,350.3,12770.0,350.35,218.0,25752789
Deribit,eth_usd,350.4,1601888267.753,350.3,43770.0,350.35,218.0,25752789
Deribit,eth_usd,350.4,1601888267.82,350.3,118690.0,350.35,218.0,25752789
Deribit,btc_usd,10678.04,1601888267.96,10678.5,53980.0,10679.0,69910.0,89853930
Deribit,eth_usd,350.4,1601888268.046,350.3,138690.0,350.35,218.0,25752789
Deribit,eth_usd,350.4,1601888268.106,350.3,140318.0,350.35,218.0,25752789
Deribit,btc_usd,10678.34,1601888268.259,10678.5,55780.0,10679.0,69910.0,89853930
Deribit,eth_usd,350.48,1601888268.301,350.3,140318.0,350.35,218.0,25752789
Deribit,eth_usd,350.48,1601888268.328,350.3,140318.0,350.35,1954.0,25752789
Deribit,eth_usd,350.48,1601888268.821,350.3,140318.0,350.35,218.0,25752789
Deribit,btc_usd,10678.34,1601888268.949,10678.5,62680.0,10679.0,69910.0,89853930
Deribit,eth_usd,350.48,1601888269.031,350.3,134318.0,350.35,218.0,25752789
Deribit,eth_usd,350.48,1601888269.066,350.3,134318.0,350.35,1954.0,25752789
Deribit,btc_usd,10678.34,1601888269.095,10678.5,55780.0,10679.0,69910.0,89853930
Deribit,eth_usd,350.49,1601888269.547,350.3,134378.0,350.35,1954.0,25752789
Deribit,btc_usd,10678.62,1601888269.637,10678.5,58880.0,10679.0,69910.0,89853930
Deribit,eth_usd,350.49,1601888269.639,350.3,59458.0,350.35,1954.0,25752789
Deribit,eth_usd,350.49,1601888269.641,350.3,59458.0,350.35,15525.0,25752789
Deribit,eth_usd,350.49,1601888269.696,350.3,60958.0,350.35,15525.0,25752789
Deribit,eth_usd,350.49,1601888270.242,350.3,60958.0,350.35,1954.0,25752789
Deribit,eth_usd,350.49,1601888270.988,350.3,144238.0,350.35,1954.0,25752789
Deribit,eth_usd,350.49,1601888270.989,350.3,144238.0,350.35,15525.0,25752789
Deribit,eth_usd,350.49,1601888271.0,350.3,144238.0,350.35,1954.0,25752789
Deribit,btc_usd,10678.62,1601888271.59,10678.5,58880.0,10679.0,69810.0,89853930
Deribit,eth_usd,350.49,1601888271.605,350.3,144348.0,350.35,1954.0,25752789
Deribit,eth_usd,350.49,1601888271.734,350.3,144348.0,350.35,15525.0,25752789
Deribit,eth_usd,350.49,1601888271.793,350.3,144348.0,350.35,1954.0,25752789
Deribit,btc_usd,10678.62,1601888271.915,10678.5,64280.0,10679.0,69810.0,89853930
Deribit,eth_usd,350.51,1601888272.342,350.3,144378.0,350.35,1954.0,25752789
Deribit,btc_usd,10678.62,1601888272.664,10678.5,58880.0,10679.0,69810.0,89853930
Deribit,eth_usd,350.51,1601888272.707,350.3,144378.0,350.35,15525.0,25752789
Deribit,btc_usd,10678.58,1601888273.634,10678.5,55780.0,10679.0,69810.0,89853930
Deribit,btc_usd,10678.62,1601888274.882,10678.5,65080.0,10679.0,69810.0,89853930
Deribit,eth_usd,350.51,1601888275.009,350.3,113378.0,350.35,15525.0,25752789
Deribit,eth_usd,350.51,1601888275.073,350.3,113378.0,350.35,21656.0,25752789
Deribit,eth_usd,350.51,1601888275.097,350.3,110921.0,350.35,21656.0,25752789
Deribit,btc_usd,10678.62,1601888275.157,10678.5,55780.0,10679.0,69810.0,89853930
Deribit,eth_usd,350.51,1601888275.174,350.3,27641.0,350.35,21656.0,25752789
Deribit,eth_usd,350.51,1601888275.176,350.3,24138.0,350.35,21656.0,25752789
Deribit,eth_usd,350.51,1601888275.21,350.3,27641.0,350.35,21656.0,25752789
Deribit,eth_usd,350.51,1601888275.216,350.3,24138.0,350.35,21656.0,25752789
Deribit,eth_usd,350.51,1601888275.253,350.3,4138.0,350.35,21656.0,25752789
Deribit,eth_usd,350.51,1601888275.277,350.3,2638.0,350.35,21656.0,25752789
Deribit,eth_usd,350.51,1601888275.283,350.3,2628.0,350.35,21656.0,25752789
Deribit,eth_usd,350.51,1601888275.303,350.3,1828.0,350.35,21656.0,25752789
Deribit,btc_usd,10678.57,1601888275.306,10678.5,55780.0,10679.0,68910.0,89853930
Deribit,eth_usd,350.51,1601888275.334,350.3,5331.0,350.35,21656.0,25752789
Deribit,eth_usd,350.5,1601888275.376,350.3,5331.0,350.35,33456.0,25752789
Deribit,eth_usd,350.5,1601888275.378,350.3,1828.0,350.35,33456.0,25752789
Deribit,btc_usd,10678.57,1601888275.384,10678.5,55780.0,10679.0,88910.0,89853930
Deribit,eth_usd,350.5,1601888275.417,350.3,5331.0,350.35,33456.0,25752789
Deribit,eth_usd,350.5,1601888275.484,350.3,5331.0,350.35,64456.0,25752789
Deribit,btc_usd,10678.57,1601888275.56,10678.5,55780.0,10679.0,89810.0,89853930
Deribit,eth_usd,350.5,1601888275.566,350.3,5331.0,350.35,52656.0,25752789
Deribit,eth_usd,350.5,1601888276.052,350.3,5331.0,350.35,21656.0,25752789
Deribit,eth_usd,350.5,1601888276.365,350.3,5331.0,350.35,24656.0,25752789
Deribit,eth_usd,350.5,1601888276.6,350.3,5351.0,350.35,24656.0,25752789
Deribit,eth_usd,350.49,1601888277.592,350.3,5351.0,350.35,24666.0,25752789
Deribit,eth_usd,350.49,1601888277.612,350.3,5291.0,350.35,24666.0,25752789
Deribit,eth_usd,350.49,1601888277.748,350.3,5291.0,350.35,21666.0,25752789
Deribit,btc_usd,10678.42,1601888277.848,10678.5,61280.0,10679.0,89810.0,89853930
Deribit,eth_usd,350.49,1601888278.343,350.3,5291.0,350.35,27566.0,25752789
Deribit,btc_usd,10678.42,1601888278.355,10678.5,55780.0,10679.0,89810.0,89853930
Deribit,eth_usd,350.49,1601888279.139,350.3,5291.0,350.35,21666.0,25752789
Deribit,eth_usd,350.49,1601888279.332,350.3,5291.0,350.35,24166.0,25752789
Deribit,eth_usd,350.48,1601888280.32,350.3,5291.0,350.35,25466.0,25752789
Deribit,eth_usd,350.48,1601888280.441,350.3,5291.0,350.35,24166.0,25752789
Deribit,eth_usd,350.48,1601888281.313,350.3,5291.0,350.35,21666.0,25752789
Deribit,eth_usd,350.47,1601888281.601,350.3,5271.0,350.35,21666.0,25752789
Deribit,eth_usd,350.47,1601888282.013,350.3,5271.0,350.35,15535.0,25752789
Deribit,btc_usd,10678.23,1601888282.018,10678.5,55780.0,10679.0,89650.0,89853930
Deribit,eth_usd,350.47,1601888282.298,350.3,10071.0,350.35,15535.0,25752789
Deribit,btc_usd,10678.22,1601888282.792,10678.5,61280.0,10679.0,89650.0,89853930
Deribit,eth_usd,350.47,1601888282.873,350.3,5271.0,350.35,15535.0,25752789
Deribit,eth_usd,350.47,1601888283.287,350.3,5271.0,350.35,18735.0,25752789
Deribit,btc_usd,10678.22,1601888283.347,10678.5,55780.0,10679.0,89650.0,89853930
Deribit,eth_usd,350.47,1601888283.528,350.3,5271.0,350.35,15535.0,25752789
Deribit,eth_usd,350.47,1601888284.276,350.3,5971.0,350.35,15535.0,25752789
Deribit,eth_usd,350.47,1601888284.277,350.3,5971.0,350.35,18235.0,25752789
Deribit,eth_usd,350.47,1601888284.363,350.3,5271.0,350.35,18235.0,25752789
Deribit,eth_usd,350.47,1601888284.518,350.3,5271.0,350.35,15535.0,25752789
Deribit,btc_usd,10678.22,1601888284.77,10678.5,70580.0,10679.0,89650.0,89853930
Deribit,btc_usd,10678.22,1601888285.229,10678.5,55780.0,10679.0,89650.0,89853930
Deribit,eth_usd,350.47,1601888285.265,350.3,8271.0,350.35,15535.0,25752789
Deribit,eth_usd,350.47,1601888285.266,350.3,8271.0,350.35,16135.0,25752789
Deribit,eth_usd,350.47,1601888285.267,350.3,8271.0,350.35,15535.0,25752789
Deribit,eth_usd,350.47,1601888285.703,350.3,5271.0,350.35,15535.0,25752789
Deribit,eth_usd,350.47,1601888286.254,350.3,5271.0,350.35,21235.0,25752789
Deribit,eth_usd,350.47,1601888286.648,350.3,5271.0,350.35,15535.0,25752789
Deribit,btc_usd,10678.38,1601888286.748,10678.5,68880.0,10679.0,89650.0,89853930
Deribit,eth_usd,350.47,1601888287.242,350.3,7471.0,350.35,15535.0,25752789
Deribit,eth_usd,350.47,1601888287.244,350.3,7471.0,350.35,17335.0,25752789
Deribit,eth_usd,350.47,1601888287.424,350.3,5271.0,350.35,17335.0,25752789
Deribit,btc_usd,10678.38,1601888287.424,10678.5,55780.0,10679.0,89650.0,89853930
Deribit,eth_usd,350.47,1601888288.231,350.3,6671.0,350.35,17335.0,25752789
Deribit,eth_usd,350.47,1601888288.232,350.3,6671.0,350.35,18435.0,25752789
Deribit,eth_usd,350.47,1601888288.335,350.3,5271.0,350.35,18435.0,25752789
Deribit,btc_usd,10678.46,1601888288.45,10678.5,29380.0,10679.0,89650.0,89853930
Deribit,btc_usd,10678.46,1601888288.726,10678.5,46680.0,10679.0,89650.0,89853930
Deribit,eth_usd,350.47,1601888288.946,350.3,5271.0,350.35,17335.0,25752789
Deribit,eth_usd,350.47,1601888289.22,350.3,5271.0,350.35,20035.0,25752789
Deribit,eth_usd,350.47,1601888289.287,350.3,5271.0,350.35,17335.0,25752789
Deribit,btc_usd,10678.45,1601888289.591,10678.5,46680.0,10679.0,89750.0,89853930
Deribit,btc_usd,10678.45,1601888289.714,10678.5,62080.0,10679.0,89750.0,89853930
Deribit,eth_usd,350.47,1601888290.118,350.3,5271.0,350.35,15535.0,25752789
Deribit,eth_usd,350.47,1601888290.209,350.3,9271.0,350.35,15535.0,25752789
Deribit,eth_usd,350.47,1601888290.21,350.3,9271.0,350.35,15735.0,25752789
Deribit,eth_usd,350.47,1601888290.218,350.3,9271.0,350.35,15535.0,25752789
Deribit,eth_usd,350.47,1601888290.298,350.3,5271.0,350.35,15535.0,25752789
Deribit,btc_usd,10678.45,1601888291.148,10678.5,62080.0,10679.0,89880.0,89853930
Deribit,eth_usd,350.47,1601888291.198,350.3,5271.0,350.35,21435.0,25752789
Deribit,btc_usd,10678.45,1601888291.597,10678.5,62080.0,10679.0,89780.0,89853930
Deribit,eth_usd,350.47,1601888291.6,350.3,5281.0,350.35,21435.0,25752789
Deribit,eth_usd,350.47,1601888291.604,350.3,5281.0,350.35,15535.0,25752789
Deribit,eth_usd,350.47,1601888292.187,350.3,5681.0,350.35,15535.0,25752789
Deribit,eth_usd,350.47,1601888292.188,350.3,5681.0,350.35,19435.0,25752789
Deribit,eth_usd,350.47,1601888292.194,350.3,5281.0,350.35,19435.0,25752789
Deribit,btc_usd,10678.45,1601888292.681,10678.5,71080.0,10679.0,89780.0,89853930
Deribit,btc_usd,10678.45,1601888292.742,10678.5,62080.0,10679.0,89780.0,89853930
Deribit,eth_usd,350.47,1601888293.058,350.3,5281.0,350.35,15535.0,25752789
Deribit,eth_usd,350.47,1601888293.176,350.3,8581.0,350.35,15535.0,25752789
Deribit,eth_usd,350.47,1601888293.177,350.3,8581.0,350.35,16535.0,25752789
Deribit,eth_usd,350.47,1601888293.239,350.3,5281.0,350.35,16535.0,25752789
Deribit,eth_usd,350.47,1601888293.595,350.3,6081.0,350.35,16535.0,25752789
Deribit,eth_usd,350.47,1601888293.635,350.3,6081.0,350.35,15535.0,25752789
Deribit,btc_usd,10678.45,1601888293.67,10678.5,75480.0,10679.0,89780.0,89853930
Deribit,btc_usd,10678.45,1601888293.747,10678.5,75480.0,10679.0,69780.0,89853930
Deribit,btc_usd,10678.45,1601888293.769,10678.5,77980.0,10679.0,69780.0,89853930
Deribit,btc_usd,10678.45,1601888293.839,10678.5,64580.0,10679.0,69780.0,89853930
Deribit,btc_usd,10678.45,1601888293.907,10678.5,66000.0,10679.0,69780.0,89853930
Deribit,btc_usd,10678.45,1601888293.994,10678.5,66000.0,10679.0,68880.0,89853930
Deribit,eth_usd,350.47,1601888294.164,350.3,8381.0,350.35,15535.0,25752789
Deribit,eth_usd,350.47,1601888294.166,350.3,8381.0,350.35,16835.0,25752789
Deribit,btc_usd,10678.45,1601888294.256,10678.5,66000.0,10679.0,69780.0,89853930
Deribit,eth_usd,350.47,1601888294.435,350.3,8381.0,350.35,15535.0,25752789
Deribit,btc_usd,10678.5,1601888294.659,10678.5,73100.0,10679.0,69780.0,89853930
Deribit,eth_usd,350.47,1601888294.747,350.3,6081.0,350.35,15535.0,25752789
Deribit,btc_usd,10678.5,1601888295.025,10678.5,66000.0,10679.0,69780.0,89853930
Deribit,btc_usd,10678.5,1601888295.14,10678.5,64580.0,10679.0,69780.0,89853930
Deribit,eth_usd,350.47,1601888295.153,350.3,7481.0,350.35,15535.0,25752789
Deribit,eth_usd,350.47,1601888295.154,350.3,7481.0,350.35,18035.0,25752789
Deribit,eth_usd,350.47,1601888295.257,350.3,6081.0,350.35,18035.0,25752789
Deribit,eth_usd,350.47,1601888295.357,350.3,6081.0,350.35,15535.0,25752789
Deribit,btc_usd,10678.71,1601888295.648,10678.5,75780.0,10679.0,69780.0,89853930
Deribit,btc_usd,10678.71,1601888295.763,10678.5,64580.0,10679.0,69780.0,89853930
Deribit,eth_usd,350.47,1601888296.132,350.3,37081.0,350.35,15535.0,25752789
Deribit,btc_usd,10678.8,1601888296.636,10678.5,79080.0,10679.0,69780.0,89853930
Deribit,btc_usd,10678.8,1601888297.35,10678.5,82180.0,10679.0,69780.0,89853930
Deribit,btc_usd,10678.8,1601888297.423,10678.5,67680.0,10679.0,69780.0,89853930
Deribit,eth_usd,350.47,1601888297.595,350.3,6081.0,350.35,15535.0,25752789
Deribit,btc_usd,10678.82,1601888297.847,10678.5,227680.0,10679.0,69780.0,89853930
Deribit,eth_usd,350.47,1601888297.869,350.3,5281.0,350.35,15535.0,25752789
Deribit,btc_usd,10678.82,1601888298.073,10678.5,228280.0,10679.0,69780.0,89853930
Deribit,eth_usd,350.47,1601888298.12,350.3,8281.0,350.35,15535.0,25752789
Deribit,eth_usd,350.47,1601888298.121,350.3,8281.0,350.35,17135.0,25752789
Deribit,eth_usd,350.47,1601888298.66,350.3,8281.0,350.35,15535.0,25752789
Deribit,eth_usd,350.47,1601888299.109,350.3,10081.0,350.35,15535.0,25752789
Deribit,btc_usd,10678.76,1601888299.212,10678.5,229280.0,10679.0,69780.0,89853930
Deribit,eth_usd,350.47,1601888299.484,350.3,8281.0,350.35,15535.0,25752789
Deribit,btc_usd,10678.81,1601888299.588,10678.5,229280.0,10679.0,69880.0,89853930
Deribit,eth_usd,350.47,1601888300.097,350.3,9981.0,350.35,15535.0,25752789
Deribit,eth_usd,350.47,1601888300.099,350.3,9981.0,350.35,15635.0,25752789
Deribit,eth_usd,350.47,1601888300.1,350.3,9981.0,350.35,15535.0,25752789
Deribit,eth_usd,350.47,1601888300.357,350.3,8281.0,350.35,15535.0,25752789
Deribit,eth_usd,350.47,1601888301.086,350.3,9781.0,350.35,15535.0,25752789
Deribit,eth_usd,350.47,1601888301.088,350.3,9781.0,350.35,15735.0,25752789
Deribit,eth_usd,350.47,1601888301.089,350.3,9781.0,350.35,15535.0,25752789
Deribit,eth_usd,350.47,1601888301.436,350.3,8281.0,350.35,15535.0,25752789
Deribit,eth_usd,350.47,1601888301.601,350.3,8271.0,350.35,15535.0,25752789
Deribit,eth_usd,350.47,1601888301.779,350.3,5271.0,350.35,15535.0,25752789
Deribit,eth_usd,350.47,1601888302.075,350.3,8671.0,350.35,15535.0,25752789
Deribit,eth_usd,350.47,1601888302.077,350.3,8671.0,350.35,16935.0,25752789
Deribit,eth_usd,350.47,1601888302.083,350.3,8671.0,350.35,15535.0,25752789
Deribit,eth_usd,350.47,1601888303.064,350.3,10971.0,350.35,15535.0,25752789
Deribit,eth_usd,350.47,1601888303.148,350.3,8671.0,350.35,15535.0,25752789
Deribit,btc_usd,10678.81,1601888303.406,10678.5,229280.0,10679.0,76290.0,89853930
Deribit,eth_usd,350.47,1601888304.053,350.3,8671.0,350.35,17235.0,25752789
Deribit,eth_usd,350.47,1601888304.287,350.3,8671.0,350.35,15535.0,25752789
Deribit,eth_usd,350.47,1601888305.042,350.3,8671.0,350.35,16935.0,25752789
Deribit,eth_usd,350.47,1601888305.513,350.3,8671.0,350.35,15535.0,25752789
Deribit,eth_usd,350.47,1601888306.031,350.3,10571.0,350.35,15535.0,25752789
Deribit,eth_usd,350.47,1601888306.073,350.3,8671.0,350.35,15535.0,25752789
Deribit,eth_usd,350.47,1601888307.02,350.3,11871.0,350.35,15535.0,25752789
Deribit,eth_usd,350.47,1601888307.772,350.3,8671.0,350.35,15535.0,25752789
Deribit,btc_usd,10678.87,1601888307.85,10678.5,230280.0,10679.0,76290.0,89853930
Deribit,eth_usd,350.47,1601888308.008,350.3,9871.0,350.35,15535.0,25752789
Deribit,eth_usd,350.47,1601888308.01,350.3,9871.0,350.35,16335.0,25752789
Deribit,btc_usd,10678.87,1601888308.073,10678.5,228540.0,10679.0,76290.0,89853930
Deribit,eth_usd,350.47,1601888308.09,350.3,9871.0,350.35,15535.0,25752789
Deribit,btc_usd,10678.87,1601888308.093,10678.5,228540.0,10679.0,76550.0,89853930
Deribit,eth_usd,350.47,1601888308.142,350.3,8671.0,350.35,15535.0,25752789
Deribit,eth_usd,350.47,1601888308.997,350.3,11471.0,350.35,15535.0,25752789
Deribit,btc_usd,10679.01,1601888309.539,10678.5,228540.0,10679.0,76540.0,89853930
Deribit,eth_usd,350.47,1601888309.953,350.3,23731.0,350.35,15535.0,25752789
Deribit,eth_usd,350.47,1601888310.052,350.3,23731.0,350.35,1964.0,25752789
Deribit,eth_usd,350.47,1601888310.055,350.3,54731.0,350.35,1964.0,25752789
Deribit,eth_usd,350.47,1601888310.064,350.3,54731.0,350.35,15535.0,25752789
Deribit,eth_usd,350.47,1601888310.163,350.3,133021.0,350.35,15535.0,25752789
Deribit,eth_usd,350.47,1601888310.18,350.3,133081.0,350.35,15535.0,25752789
Deribit,eth_usd,350.47,1601888310.216,350.3,133081.0,350.35,1964.0,25752789
Deribit,btc_usd,10679.01,1601888310.315,10678.5,228510.0,10679.0,76540.0,89853930
Deribit,eth_usd,350.47,1601888310.343,350.3,133881.0,350.35,1964.0,25752789
Deribit,eth_usd,350.47,1601888311.234,350.3,133881.0,350.35,15535.0,25752789
Deribit,eth_usd,350.47,1601888311.249,350.3,133881.0,350.35,1964.0,25752789
Deribit,eth_usd,350.47,1601888311.964,350.3,133881.0,350.35,3864.0,25752789
Deribit,eth_usd,350.47,1601888312.076,350.3,133881.0,350.35,17435.0,25752789
Deribit,eth_usd,350.47,1601888312.59,350.3,55591.0,350.35,17435.0,25752789
Deribit,btc_usd,10679.09,1601888312.885,10678.5,228540.0,10679.0,76540.0,89853930
Deribit,btc_usd,10679.0,1601888313.568,10678.5,228540.0,10679.0,76550.0,89853930
Deribit,eth_usd,350.47,1601888313.668,350.3,55531.0,350.35,17435.0,25752789
Deribit,eth_usd,350.47,1601888314.014,350.3,24531.0,350.35,17435.0,25752789
Deribit,btc_usd,10679.0,1601888314.017,10678.5,230540.0,10679.0,76550.0,89853930
Deribit,btc_usd,10679.0,1601888314.283,10678.5,232540.0,10679.0,76550.0,89853930
Deribit,btc_usd,10679.01,1601888314.574,10678.5,232540.0,10679.0,76540.0,89853930
Deribit,btc_usd,10678.89,1601888315.582,10678.5,232540.0,10679.0,76550.0,89853930
Deribit,btc_usd,10678.89,1601888316.148,10678.5,232540.0,10679.0,72280.0,89853930
Deribit,btc_usd,10678.89,1601888316.148,10678.5,232540.0,10679.0,69080.0,89853930
Deribit,btc_usd,10678.89,1601888316.149,10678.5,232540.0,10679.0,65880.0,89853930
Deribit,btc_usd,10678.89,1601888316.15,10678.5,232540.0,10679.0,62680.0,89853930
Deribit,btc_usd,10678.84,1601888317.416,10678.5,230540.0,10679.0,62680.0,89853930
Deribit,eth_usd,350.47,1601888317.931,350.3,21731.0,350.35,17435.0,25752789
Deribit,btc_usd,10678.72,1601888317.956,10678.5,230540.0,10679.0,65880.0,89853930
Deribit,btc_usd,10678.72,1601888317.958,10678.5,230540.0,10679.0,69080.0,89853930
Deribit,btc_usd,10678.72,1601888317.958,10678.5,230540.0,10679.0,72280.0,89853930
Deribit,btc_usd,10678.72,1601888317.959,10678.5,230540.0,10679.0,76550.0,89853930
Deribit,btc_usd,10678.72,1601888318.083,10678.5,228740.0,10679.0,76550.0,89853930
Deribit,btc_usd,10678.72,1601888318.212,10678.5,226240.0,10679.0,76550.0,89853930
Deribit,btc_usd,10678.72,1601888318.215,10678.5,210840.0,10679.0,76550.0,89853930
Deribit,btc_usd,10678.72,1601888318.216,10678.5,210840.0,10679.0,96550.0,89853930
Deribit,btc_usd,10678.72,1601888318.217,10678.5,193540.0,10679.0,96550.0,89853930
Deribit,eth_usd,350.47,1601888318.225,350.3,18331.0,350.35,17435.0,25752789
Deribit,btc_usd,10678.72,1601888318.263,10678.5,193540.0,10679.0,126310.0,89853930
Deribit,eth_usd,350.47,1601888318.294,350.3,6071.0,350.35,17435.0,25752789
Deribit,eth_usd,350.47,1601888318.298,350.3,6071.0,350.35,23566.0,25752789
Deribit,btc_usd,10678.72,1601888318.418,10678.5,195540.0,10679.0,126310.0,89853930
Deribit,eth_usd,350.47,1601888318.794,350.3,6071.0,350.35,21830.0,25752789
Deribit,eth_usd,350.47,1601888318.886,350.3,11571.0,350.35,21830.0,25752789
Deribit,btc_usd,10678.35,1601888319.039,10678.5,192440.0,10679.0,126310.0,89853930
Deribit,btc_usd,10678.35,1601888319.474,10678.5,191440.0,10679.0,126310.0,89853930
Deribit,eth_usd,350.47,1601888319.875,350.3,14071.0,350.35,21830.0,25752789
Deribit,eth_usd,350.47,1601888319.954,350.3,11571.0,350.35,21830.0,25752789
Deribit,btc_usd,10678.37,1601888320.202,10678.5,189440.0,10679.0,126310.0,89853930
Deribit,btc_usd,10678.37,1601888320.404,10678.5,190440.0,10679.0,126310.0,89853930
Deribit,btc_usd,10678.52,1601888321.124,10678.5,191210.0,10679.0,126310.0,89853930
Deribit,btc_usd,10678.52,1601888321.28,10678.5,224700.0,10679.0,126310.0,89853930
Deribit,btc_usd,10678.52,1601888321.282,10678.5,227800.0,10679.0,126310.0,89853930
Deribit,eth_usd,350.47,1601888321.609,350.3,11581.0,350.35,21830.0,25752789
Deribit,eth_usd,350.47,1601888321.852,350.3,12781.0,350.35,21830.0,25752789
Deribit,eth_usd,350.47,1601888321.912,350.3,11581.0,350.35,21830.0,25752789
Deribit,eth_usd,350.47,1601888322.372,350.3,11581.0,350.35,15699.0,25752789
Deribit,eth_usd,350.47,1601888322.841,350.3,14181.0,350.35,15699.0,25752789
Deribit,btc_usd,10678.46,1601888324.15,10678.5,224700.0,10679.0,126310.0,89853930
Deribit,eth_usd,350.47,1601888325.216,350.3,11581.0,350.35,15699.0,25752789
Deribit,eth_usd,350.47,1601888325.786,350.3,11581.0,350.35,13799.0,25752789
Deribit,eth_usd,350.47,1601888325.808,350.3,25281.0,350.35,13799.0,25752789
Deribit,eth_usd,350.47,1601888325.82,350.3,107721.0,350.35,13799.0,25752789
Deribit,eth_usd,350.47,1601888325.825,350.3,107721.0,350.35,228.0,25752789
Deribit,eth_usd,350.47,1601888325.881,350.3,107731.0,350.35,228.0,25752789
Deribit,eth_usd,350.47,1601888325.956,350.3,107731.0,350.4,3760.0,25753017
Deribit,eth_usd,350.47,1601888325.958,350.35,12262.0,350.4,3760.0,25753017
Deribit,eth_usd,350.47,1601888325.959,350.35,15765.0,350.4,3760.0,25753017
Deribit,eth_usd,350.47,1601888325.96,350.35,39865.0,350.4,3760.0,25753017
Deribit,eth_usd,350.47,1601888325.96,350.35,39918.0,350.4,3760.0,25753017
Deribit,eth_usd,350.47,1601888325.961,350.35,40038.0,350.4,3760.0,25753017
Deribit,eth_usd,350.47,1601888325.962,350.35,40691.0,350.4,3760.0,25753017
Deribit,eth_usd,350.47,1601888325.964,350.35,40691.0,350.4,3260.0,25753017
Deribit,eth_usd,350.47,1601888325.964,350.35,41491.0,350.4,3260.0,25753017
Deribit,eth_usd,350.47,1601888325.965,350.35,41501.0,350.4,3260.0,25753017
Deribit,eth_usd,350.47,1601888325.968,350.35,41501.0,350.45,2218.0,25749977
Deribit,eth_usd,350.47,1601888325.972,350.35,41501.0,350.45,1218.0,25749977
Deribit,eth_usd,350.47,1601888325.973,350.4,21500.0,350.45,1218.0,25749977
Deribit,eth_usd,350.47,1601888325.973,350.4,25004.0,350.45,1218.0,25749977
Deribit,eth_usd,350.47,1601888325.975,350.4,31304.0,350.45,1218.0,25749977
Deribit,eth_usd,350.47,1601888325.978,350.4,31424.0,350.45,1218.0,25749977
Deribit,eth_usd,350.47,1601888325.98,350.4,31434.0,350.45,1218.0,25749977
Deribit,eth_usd,350.47,1601888325.983,350.4,25134.0,350.45,1218.0,25749977
Deribit,eth_usd,350.47,1601888325.989,350.4,25934.0,350.45,1218.0,25749977
Deribit,eth_usd,350.47,1601888325.999,350.4,25934.0,350.45,218.0,25749977
Deribit,btc_usd,10678.44,1601888326.005,10678.5,224700.0,10679.0,106310.0,89853930
Deribit,eth_usd,350.47,1601888326.127,350.4,85714.0,350.45,218.0,25749977
Deribit,btc_usd,10678.44,1601888326.241,10678.5,224700.0,10679.0,54910.0,89853930
Deribit,btc_usd,10678.44,1601888326.383,10678.5,227800.0,10679.0,54910.0,89853930
Deribit,btc_usd,10678.44,1601888326.475,10678.5,229600.0,10679.0,54910.0,89853930
Deribit,eth_usd,350.47,1601888326.546,350.4,105714.0,350.45,218.0,25749977
Deribit,eth_usd,350.52,1601888326.709,350.4,105714.0,350.45,218.0,25749977
Deribit,eth_usd,350.52,1601888326.797,350.4,105714.0,350.45,1618.0,25749977
Deribit,eth_usd,350.52,1601888326.823,350.4,105714.0,350.45,218.0,25749977
Deribit,btc_usd,10678.64,1601888326.866,10678.5,229600.0,10679.0,25150.0,89853930
Deribit,eth_usd,350.52,1601888326.866,350.4,105714.0,350.45,13793.0,25749977
Deribit,btc_usd,10678.64,1601888326.868,10678.5,229600.0,10679.0,21950.0,89853930
Deribit,btc_usd,10678.64,1601888326.869,10678.5,229600.0,10679.0,18750.0,89853930
Deribit,btc_usd,10678.64,1601888326.87,10678.5,229600.0,10679.0,14480.0,89853930
Deribit,btc_usd,10678.64,1601888326.87,10678.5,229600.0,10679.0,11280.0,89853930
Deribit,btc_usd,10678.64,1601888326.879,10678.5,229600.0,10679.0,11270.0,89853930
Deribit,btc_usd,10678.64,1601888327.087,10678.5,232100.0,10679.0,11270.0,89853930
Deribit,eth_usd,350.52,1601888327.248,350.4,107214.0,350.45,13793.0,25749977
Deribit,btc_usd,10678.64,1601888327.312,10678.5,232100.0,10679.0,10370.0,89853930
Deribit,eth_usd,350.52,1601888327.329,350.4,107214.0,350.45,218.0,25749977
Deribit,eth_usd,350.52,1601888327.338,350.4,138214.0,350.45,218.0,25749977
Deribit,eth_usd,350.52,1601888327.498,350.4,138214.0,350.45,13793.0,25749977
Deribit,eth_usd,350.53,1601888328.28,350.4,138274.0,350.45,13793.0,25749977
Deribit,eth_usd,350.53,1601888328.356,350.4,78494.0,350.45,13793.0,25749977
Deribit,eth_usd,350.53,1601888328.775,350.4,78494.0,350.45,10703.0,25753067
Deribit,eth_usd,350.53,1601888329.255,350.4,78494.0,350.45,10745.0,25753067
Deribit,eth_usd,350.53,1601888329.581,350.4,78667.0,350.45,10745.0,25753067
Deribit,eth_usd,350.53,1601888329.85,350.4,78667.0,350.45,42.0,25753067
Deribit,eth_usd,350.53,1601888330.15,350.4,78677.0,350.45,42.0,25753067
Deribit,eth_usd,350.54,1601888330.752,350.4,78677.0,350.45,1942.0,25753067
Deribit,eth_usd,350.54,1601888330.854,350.4,78677.0,350.45,12645.0,25753067
Deribit,eth_usd,350.54,1601888331.082,350.4,78717.0,350.45,12645.0,25753067
Deribit,btc_usd,10678.97,1601888331.349,10678.5,234100.0,10679.0,10370.0,89853930
Deribit,btc_usd,10678.54,1601888332.169,10678.5,232100.0,10679.0,10370.0,89853930
Deribit,eth_usd,350.57,1601888332.803,350.4,78717.0,350.45,12603.0,25753067
Deribit,eth_usd,350.57,1601888333.237,350.4,78717.0,350.45,12642.0,25753067
Deribit,eth_usd,350.57,1601888333.5,350.4,78717.0,350.45,10742.0,25753067
Deribit,eth_usd,350.57,1601888334.272,350.4,78717.0,350.45,39.0,25753067
Deribit,eth_usd,350.57,1601888334.576,350.4,78717.0,350.45,10742.0,25753067
Deribit,eth_usd,350.57,1601888335.251,350.4,78717.0,350.45,10703.0,25753067
Deribit,eth_usd,350.57,1601888335.752,350.4,78717.0,350.45,10739.0,25753067
Deribit,eth_usd,350.57,1601888335.756,350.4,78717.0,350.45,10729.0,25753077
Deribit,eth_usd,350.57,1601888336.004,350.4,78717.0,350.45,16861.0,25753077
Deribit,btc_usd,10678.75,1601888338.063,10678.5,232100.0,10679.0,11480.0,89853930
Deribit,eth_usd,350.57,1601888339.052,350.4,78717.0,350.45,16871.0,25753077
Deribit,eth_usd,350.57,1601888339.306,350.4,47717.0,350.45,16871.0,25753077
Deribit,eth_usd,350.57,1601888339.308,350.4,26217.0,350.45,16871.0,25753077
Deribit,eth_usd,350.57,1601888339.989,350.4,26207.0,350.45,16871.0,25753077
Deribit,eth_usd,350.57,1601888340.229,350.4,26207.0,350.45,6178.0,25753077
Deribit,eth_usd,350.57,1601888340.31,350.4,26207.0,350.45,16871.0,25753077
Deribit,eth_usd,350.58,1601888340.866,350.4,26227.0,350.45,16871.0,25753077
Deribit,eth_usd,350.58,1601888341.68,350.4,6227.0,350.45,16871.0,25753077
Deribit,eth_usd,350.57,1601888341.984,350.4,4727.0,350.45,16871.0,25753077
Deribit,eth_usd,350.57,1601888342.07,350.4,3927.0,350.45,16871.0,25753077
Deribit,eth_usd,350.57,1601888342.22,350.4,3927.0,350.45,16835.0,25753077
Deribit,eth_usd,350.57,1601888342.618,350.4,5827.0,350.45,16835.0,25753077
Deribit,eth_usd,350.57,1601888342.619,350.4,5827.0,350.45,17235.0,25753077
Deribit,eth_usd,350.57,1601888342.623,350.4,5827.0,350.45,16835.0,25753077
Deribit,eth_usd,350.57,1601888342.659,350.4,5827.0,350.45,16869.0,25753077
Deribit,eth_usd,350.57,1601888342.683,350.4,3927.0,350.45,16869.0,25753077
Deribit,eth_usd,350.56,1601888342.875,350.4,3867.0,350.45,16869.0,25753077
Deribit,btc_usd,10678.58,1601888343.023,10678.5,232100.0,10679.0,31480.0,89853930
Deribit,btc_usd,10678.58,1601888343.029,10678.5,232100.0,10679.0,31490.0,89853930
Deribit,btc_usd,10678.58,1601888343.204,10678.5,229600.0,10679.0,31490.0,89853930
Deribit,eth_usd,350.56,1601888343.316,350.4,363.0,350.45,16869.0,25753077
Deribit,eth_usd,350.56,1601888343.334,350.35,5326.0,350.45,16869.0,25753257
Deribit,eth_usd,350.56,1601888343.336,350.35,5326.0,350.4,326.0,25753257
Deribit,eth_usd,350.56,1601888343.337,350.35,5326.0,350.4,979.0,25753257
