Plateforme,Asset,Quote,Datetime,Bid,BidAmount,Ask,AskAmount,OpenInterest
Coinbase,eth_usd,351.25,1601972074.716953,351.24,0,351.25,0,350.36
Coinbase,eth_eur,298.39,1601972074.71773,298.39,0,298.46,0,298.35
Coinbase,btc_usd,10723.85,1601972074.718072,10723.84,0,10723.85,0,10674.66
Coinbase,btc_eur,9113.14,1601972074.718406,9111.44,0,9113.14,0,9096.33
Coinbase,btc_eur,9111.45,1601972075.118542,9111.44,0,9113.43,0,9096.33
Coinbase,btc_eur,9111.44,1601972075.11905,9111.44,0,9113.43,0,9096.33
Coinbase,btc_eur,9111.44,1601972075.119773,9110.47,0,9113.43,0,9096.33
Coinbase,btc_eur,9110.47,1601972075.120133,9110.47,0,9113.43,0,9096.33
Coinbase,eth_usd,351.25,1601972075.393103,351.24,0,351.25,0,350.36
Coinbase,eth_usd,351.25,1601972075.734876,351.24,0,351.25,0,350.36
Coinbase,btc_usd,10723.84,1601972076.706505,10723.84,0,10723.85,0,10674.66
Coinbase,btc_eur,9113.2,1601972076.76822,9110.91,0,9113.2,0,9096.33
Coinbase,btc_eur,9113.31,1601972080.928299,9111.56,0,9113.31,0,9096.33
Coinbase,eth_eur,298.46,1601972081.12752,298.42,0,298.46,0,298.35
Coinbase,btc_usd,10723.85,1601972081.261629,10723.84,0,10723.85,0,10674.66
Coinbase,btc_usd,10723.85,1601972081.377287,10723.84,0,10723.85,0,10674.66
Coinbase,btc_usd,10723.85,1601972081.37834,10723.84,0,10723.85,0,10674.66
Coinbase,eth_usd,351.24,1601972081.749167,351.24,0,351.25,0,350.36
Coinbase,btc_usd,10723.85,1601972083.997071,10723.84,0,10723.85,0,10674.66
Coinbase,btc_usd,10723.85,1601972084.763147,10723.84,0,10723.85,0,10674.66
Coinbase,eth_eur,298.43,1601972085.261446,298.43,0,298.46,0,298.35
Coinbase,btc_usd,10723.85,1601972085.951417,10723.84,0,10723.85,0,10674.66
Coinbase,btc_usd,10723.85,1601972087.348634,10723.84,0,10723.85,0,10674.66
Coinbase,btc_eur,9112.3,1601972095.203932,9109.93,0,9112.3,0,9096.33
Coinbase,btc_eur,9112.3,1601972095.204475,9109.93,0,9112.3,0,9096.33
Coinbase,eth_usd,351.25,1601972099.701453,351.24,0,351.25,0,350.36
Coinbase,btc_eur,9110.63,1601972101.835799,9110.63,0,9112.28,0,9096.33
Coinbase,btc_eur,9110.62,1601972102.020575,9110.62,0,9112.22,0,9096.33
Coinbase,eth_usd,351.24,1601972102.268536,351.24,0,351.25,0,350.36
Coinbase,eth_usd,351.24,1601972102.431128,351.14,0,351.25,0,350.36
Coinbase,btc_eur,9110.32,1601972102.665007,9110.32,0,9112.07,0,9096.33
Coinbase,btc_usd,10723.84,1601972102.693675,10723.84,0,10723.85,0,10674.66
Coinbase,btc_usd,10723.84,1601972102.859933,10723.84,0,10723.85,0,10674.66
Coinbase,btc_usd,10723.84,1601972102.86181,10723.84,0,10723.85,0,10674.66
Coinbase,btc_usd,10723.84,1601972102.862153,10723.84,0,10723.85,0,10674.66
Coinbase,btc_eur,9110.32,1601972103.083217,9109.28,0,9112.0,0,9096.33
Coinbase,btc_eur,9109.28,1601972103.083748,9109.28,0,9112.0,0,9096.33
Coinbase,btc_usd,10723.84,1601972103.317706,10721.35,0,10723.85,0,10674.66
Coinbase,eth_eur,298.39,1601972104.790848,298.35,0,298.39,0,298.35
Coinbase,btc_usd,10721.35,1601972104.949646,10720.12,0,10721.36,0,10674.66
Coinbase,btc_usd,10720.67,1601972105.275275,10719.86,0,10720.68,0,10674.66
Coinbase,btc_usd,10720.68,1601972105.277435,10719.86,0,10721.17,0,10674.66
Coinbase,btc_usd,10721.17,1601972105.27786,10719.86,0,10721.22,0,10674.66
Coinbase,btc_usd,10721.22,1601972105.278486,10719.86,0,10721.34,0,10674.66
Coinbase,btc_usd,10721.34,1601972105.279467,10719.86,0,10721.35,0,10674.66
Coinbase,btc_usd,10721.35,1601972105.281048,10719.86,0,10721.36,0,10674.66
Coinbase,btc_usd,10721.36,1601972105.282034,10719.86,0,10721.36,0,10674.66
Coinbase,btc_usd,10721.36,1601972105.282713,10719.86,0,10721.36,0,10674.66
Coinbase,btc_usd,10722.38,1601972105.477642,10720.68,0,10722.38,0,10674.66
Coinbase,eth_usd,351.18,1601972106.584502,351.18,0,351.19,0,350.36
Coinbase,eth_usd,351.18,1601972106.895297,351.18,0,351.19,0,350.36
Coinbase,btc_usd,10721.39,1601972107.132998,10721.38,0,10721.39,0,10674.66
Coinbase,btc_usd,10721.65,1601972113.508354,10721.4,0,10721.65,0,10674.66
Coinbase,btc_usd,10721.65,1601972114.014411,10721.4,0,10721.65,0,10674.66
Coinbase,btc_eur,9109.25,1601972116.101919,9109.0,0,9109.27,0,9096.33
Coinbase,btc_eur,9109.27,1601972116.103017,9109.0,0,9109.27,0,9096.33
Coinbase,btc_eur,9109.26,1601972122.545647,9109.0,0,9109.26,0,9096.33
Coinbase,btc_usd,10720.3,1601972123.003679,10719.06,0,10720.3,0,10674.66
Coinbase,btc_usd,10720.3,1601972123.004358,10719.06,0,10720.3,0,10674.66
Coinbase,btc_usd,10719.5,1601972126.449518,10719.4,0,10719.76,0,10674.66
Coinbase,btc_usd,10719.4,1601972126.450387,10719.4,0,10719.76,0,10674.66
Coinbase,btc_usd,10719.4,1601972126.45104,10719.4,0,10719.76,0,10674.66
Coinbase,btc_usd,10719.76,1601972127.574542,10719.57,0,10719.76,0,10674.66
Coinbase,btc_usd,10719.76,1601972127.581199,10719.57,0,10720.31,0,10674.66
Coinbase,btc_usd,10720.31,1601972127.582493,10719.57,0,10720.31,0,10674.66
Coinbase,btc_usd,10720.3,1601972127.771724,10719.63,0,10720.3,0,10674.66
Coinbase,btc_eur,9109.26,1601972128.030776,9109.0,0,9109.26,0,9096.33
Coinbase,btc_eur,9109.26,1601972128.159159,9109.0,0,9109.26,0,9096.33
Coinbase,btc_usd,10719.83,1601972129.202461,10719.29,0,10719.83,0,10674.66
Coinbase,btc_usd,10719.83,1601972132.972862,10719.36,0,10719.83,0,10674.66
Coinbase,eth_eur,298.41,1601972137.571104,298.32,0,298.42,0,298.35
Coinbase,eth_eur,298.42,1601972137.571904,298.32,0,298.42,0,298.35
Coinbase,eth_eur,298.42,1601972137.572915,298.32,0,298.43,0,298.35
Coinbase,eth_eur,298.43,1601972137.573711,298.32,0,298.44,0,298.35
Coinbase,eth_eur,298.43,1601972138.545108,298.43,0,298.44,0,298.35
Coinbase,eth_eur,298.43,1601972138.555156,298.41,0,298.44,0,298.35
Coinbase,btc_eur,9109.0,1601972142.231782,9107.45,0,9109.09,0,9096.33
Coinbase,btc_eur,9107.45,1601972142.232655,9106.57,0,9109.09,0,9096.33
Coinbase,btc_eur,9106.57,1601972142.233011,9106.56,0,9109.09,0,9096.33
Coinbase,btc_eur,9106.56,1601972142.233896,9106.56,0,9109.09,0,9096.33
Coinbase,btc_usd,10719.23,1601972143.668332,10719.05,0,10719.23,0,10674.66
Coinbase,eth_usd,351.19,1601972145.052959,351.18,0,351.19,0,350.36
Coinbase,eth_usd,351.19,1601972146.129329,351.18,0,351.19,0,350.36
Coinbase,btc_usd,10719.23,1601972148.551628,10719.22,0,10719.23,0,10674.66
Coinbase,eth_usd,351.18,1601972149.28176,351.18,0,351.19,0,350.36
Coinbase,btc_usd,10719.23,1601972150.408194,10719.22,0,10719.23,0,10674.66
Coinbase,btc_eur,9108.29,1601972152.862676,9108.29,0,9108.89,0,9096.33
Coinbase,btc_usd,10719.23,1601972154.451618,10719.22,0,10719.23,0,10674.66
Coinbase,eth_usd,351.19,1601972155.89453,351.18,0,351.19,0,350.36
Coinbase,btc_eur,9108.89,1601972156.499057,9108.29,0,9108.89,0,9096.33
Coinbase,btc_eur,9108.29,1601972158.048114,9108.29,0,9108.89,0,9096.33
Coinbase,btc_usd,10719.23,1601972158.928013,10719.22,0,10719.23,0,10674.66
Coinbase,btc_usd,10719.22,1601972159.992591,10719.22,0,10719.23,0,10674.66
Coinbase,eth_usd,351.18,1601972163.175481,351.18,0,351.19,0,350.36
Coinbase,eth_usd,351.18,1601972163.218573,351.18,0,351.19,0,350.36
Coinbase,eth_usd,351.18,1601972163.422855,351.18,0,351.19,0,350.36
Coinbase,btc_usd,10719.23,1601972166.294071,10719.22,0,10719.23,0,10674.66
Coinbase,eth_usd,351.19,1601972166.476753,351.18,0,351.19,0,350.36
Coinbase,eth_usd,351.18,1601972166.643568,351.18,0,351.19,0,350.36
Coinbase,btc_usd,10721.38,1601972167.084255,10719.22,0,10721.38,0,10674.66
Coinbase,btc_usd,10719.25,1601972167.262861,10719.25,0,10720.29,0,10674.66
Coinbase,btc_usd,10719.66,1601972167.273889,10719.66,0,10720.29,0,10674.66
Coinbase,btc_usd,10719.67,1601972167.286618,10719.67,0,10720.29,0,10674.66
Coinbase,btc_usd,10719.25,1601972167.295232,10719.25,0,10720.28,0,10674.66
Coinbase,btc_usd,10719.25,1601972167.308942,10719.25,0,10720.29,0,10674.66
Coinbase,btc_usd,10719.25,1601972167.318869,10719.25,0,10720.29,0,10674.66
Coinbase,btc_usd,10719.25,1601972167.330589,10719.25,0,10720.29,0,10674.66
Coinbase,btc_usd,10719.25,1601972167.338546,10719.25,0,10720.29,0,10674.66
Coinbase,btc_usd,10719.25,1601972167.35008,10719.25,0,10720.29,0,10674.66
Coinbase,btc_usd,10720.28,1601972168.058279,10719.24,0,10720.28,0,10674.66
Coinbase,btc_usd,10719.62,1601972169.751644,10718.92,0,10719.62,0,10674.66
Coinbase,btc_usd,10719.78,1601972170.235444,10719.77,0,10719.78,0,10674.66
Coinbase,btc_usd,10719.78,1601972170.23759,10719.77,0,10719.78,0,10674.66
Coinbase,btc_usd,10719.78,1601972171.494172,10719.77,0,10719.78,0,10674.66
Coinbase,eth_usd,351.19,1601972172.47956,351.18,0,351.19,0,350.36
Coinbase,eth_usd,351.19,1601972172.4801,351.18,0,351.19,0,350.36
Coinbase,eth_eur,298.4,1601972173.217241,298.4,0,298.43,0,298.35
Coinbase,eth_usd,351.19,1601972173.345794,351.18,0,351.19,0,350.36
Coinbase,eth_eur,298.43,1601972176.580245,298.4,0,298.43,0,298.35
Coinbase,btc_eur,9108.11,1601972177.395045,9108.11,0,9108.44,0,9096.33
Coinbase,btc_usd,10719.78,1601972178.581622,10719.77,0,10719.78,0,10674.66
Coinbase,btc_eur,9108.44,1601972178.587343,9108.11,0,9108.44,0,9096.33
Coinbase,btc_eur,9108.43,1601972182.481232,9107.61,0,9108.44,0,9096.33
Coinbase,btc_eur,9108.44,1601972182.481811,9107.61,0,9108.44,0,9096.33
Coinbase,eth_usd,351.19,1601972183.483439,351.18,0,351.19,0,350.36
Coinbase,eth_eur,298.41,1601972188.782439,298.41,0,298.47,0,298.35
Coinbase,btc_eur,9108.44,1601972189.755796,9107.61,0,9108.44,0,9096.33
Coinbase,btc_usd,10719.78,1601972189.868907,10719.77,0,10719.78,0,10674.66
Coinbase,btc_usd,10719.78,1601972192.449722,10719.77,0,10719.78,0,10674.66
Coinbase,btc_eur,9108.62,1601972194.112784,9108.62,0,9110.02,0,9096.33
Coinbase,eth_usd,351.19,1601972196.364756,351.18,0,351.19,0,350.36
Coinbase,btc_eur,9108.86,1601972196.945676,9108.86,0,9108.9,0,9096.33
Coinbase,btc_usd,10719.78,1601972200.615732,10719.77,0,10719.78,0,10674.66
Coinbase,btc_eur,9108.73,1601972208.26219,9108.73,0,9108.9,0,9096.33
Coinbase,btc_usd,10719.77,1601972212.931331,10719.77,0,10719.78,0,10674.66
Coinbase,btc_usd,10719.78,1601972215.047308,10719.77,0,10719.78,0,10674.66
Coinbase,btc_usd,10719.78,1601972220.513356,10719.77,0,10719.78,0,10674.66
Coinbase,btc_usd,10719.78,1601972221.726512,10719.77,0,10719.78,0,10674.66
Coinbase,btc_eur,9109.78,1601972223.169468,9109.78,0,9111.47,0,9096.33
Coinbase,btc_eur,9111.35,1601972224.99476,9109.78,0,9111.35,0,9096.33
Coinbase,eth_usd,351.18,1601972234.813552,351.18,0,351.19,0,350.36
Coinbase,eth_usd,351.18,1601972234.814399,351.18,0,351.19,0,350.36
Coinbase,eth_eur,298.42,1601972237.451144,298.29,0,298.42,0,298.35
Coinbase,btc_usd,10720.02,1601972241.898321,10719.77,0,10720.02,0,10674.66
Coinbase,btc_usd,10720.03,1601972241.907943,10719.77,0,10720.03,0,10674.66
Coinbase,btc_usd,10719.78,1601972242.017126,10719.77,0,10719.78,0,10674.66
Coinbase,btc_usd,10719.78,1601972242.172238,10719.77,0,10719.78,0,10674.66
Coinbase,btc_usd,10719.78,1601972242.470956,10719.77,0,10719.78,0,10674.66
Coinbase,btc_usd,10719.78,1601972242.765051,10719.77,0,10719.78,0,10674.66
Coinbase,btc_usd,10719.78,1601972243.060935,10719.77,0,10719.78,0,10674.66
Coinbase,btc_usd,10719.78,1601972243.371082,10719.77,0,10719.78,0,10674.66
Coinbase,btc_usd,10719.77,1601972243.959939,10719.77,0,10719.78,0,10674.66
Coinbase,btc_usd,10719.78,1601972245.251197,10719.77,0,10719.78,0,10674.66
Coinbase,btc_usd,10719.77,1601972245.625357,10719.77,0,10719.78,0,10674.66
Coinbase,btc_usd,10719.78,1601972245.936259,10719.77,0,10719.78,0,10674.66
Coinbase,eth_eur,298.38,1601972246.170251,298.28,0,298.38,0,298.35
Coinbase,btc_eur,9108.95,1601972246.450768,9108.95,0,9109.96,0,9096.33
Coinbase,btc_eur,9108.95,1601972246.451218,9108.95,0,9109.96,0,9096.33
Coinbase,eth_usd,351.19,1601972246.93865,351.18,0,351.19,0,350.36
Coinbase,btc_eur,9108.95,1601972249.213632,9108.95,0,9109.96,0,9096.33
Coinbase,eth_usd,351.19,1601972249.399665,351.18,0,351.19,0,350.36
Coinbase,btc_eur,9109.73,1601972251.225517,9108.95,0,9109.73,0,9096.33
Coinbase,eth_usd,351.18,1601972251.679537,351.18,0,351.19,0,350.36
Coinbase,eth_usd,351.19,1601972253.288429,351.18,0,351.19,0,350.36
Coinbase,btc_usd,10719.78,1601972257.616237,10719.77,0,10719.78,0,10674.66
Coinbase,eth_eur,298.35,1601972260.41885,298.28,0,298.38,0,298.35
Coinbase,eth_eur,298.38,1601972260.420157,298.28,0,298.38,0,298.35
Coinbase,eth_eur,298.38,1601972260.421012,298.28,0,298.39,0,298.35
Coinbase,eth_eur,298.39,1601972260.421383,298.28,0,298.39,0,298.35
Coinbase,eth_usd,351.19,1601972262.277132,351.18,0,351.19,0,350.36
Coinbase,btc_usd,10719.78,1601972262.305092,10719.77,0,10719.78,0,10674.66
Coinbase,eth_eur,298.39,1601972262.775101,298.28,0,298.39,0,298.35
Coinbase,btc_eur,9108.95,1601972267.121942,9108.95,0,9109.06,0,9096.33
Coinbase,btc_eur,9108.95,1601972268.688546,9108.73,0,9109.06,0,9096.33
Coinbase,btc_eur,9108.73,1601972268.689092,9108.73,0,9109.06,0,9096.33
Coinbase,btc_usd,10719.77,1601972270.230819,10719.77,0,10721.01,0,10674.66
Coinbase,eth_usd,351.19,1601972274.518307,351.18,0,351.19,0,350.36
Coinbase,eth_usd,351.19,1601972276.56327,351.18,0,351.19,0,350.36
Coinbase,btc_eur,9108.89,1601972276.736068,9108.89,0,9109.06,0,9096.33
Coinbase,btc_usd,10720.21,1601972279.5955,10720.17,0,10720.21,0,10674.66
Coinbase,btc_usd,10720.21,1601972280.514921,10720.17,0,10720.21,0,10674.66
Coinbase,eth_usd,351.19,1601972281.225113,351.18,0,351.19,0,350.36
Coinbase,btc_usd,10720.21,1601972282.651326,10720.18,0,10720.21,0,10674.66
Coinbase,eth_usd,351.19,1601972282.866056,351.18,0,351.19,0,350.36
Coinbase,btc_usd,10720.17,1601972283.782835,10720.17,0,10720.21,0,10674.66
Coinbase,eth_eur,298.38,1601972284.276799,298.34,0,298.39,0,298.35
Coinbase,eth_eur,298.39,1601972284.277323,298.34,0,298.39,0,298.35
Coinbase,btc_usd,10720.2,1601972287.765406,10720.17,0,10720.2,0,10674.66
Coinbase,btc_eur,9110.71,1601972289.392988,9109.0,0,9110.71,0,9096.33
Coinbase,btc_usd,10720.21,1601972292.213702,10720.17,0,10720.21,0,10674.66
Coinbase,btc_eur,9109.06,1601972294.324478,9108.99,0,9109.06,0,9096.33
Coinbase,eth_eur,298.37,1601972294.723483,298.34,0,298.37,0,298.35
Coinbase,eth_eur,298.37,1601972294.724058,298.34,0,298.38,0,298.35
Coinbase,eth_eur,298.38,1601972294.724419,298.34,0,298.4,0,298.35
Coinbase,eth_eur,298.4,1601972294.724766,298.34,0,298.45,0,298.35
Coinbase,eth_eur,298.45,1601972294.725113,298.34,0,298.45,0,298.35
Coinbase,eth_usd,351.18,1601972295.008262,351.18,0,351.19,0,350.36
Coinbase,btc_eur,9108.89,1601972296.616869,9108.89,0,9109.06,0,9096.33
Coinbase,btc_eur,9108.89,1601972304.510778,9108.89,0,9109.06,0,9096.33
Coinbase,eth_usd,351.19,1601972308.668957,351.18,0,351.19,0,350.36
Coinbase,btc_usd,10720.65,1601972309.975207,10720.65,0,10721.19,0,10674.66
Coinbase,eth_eur,298.42,1601972314.430393,298.34,0,298.42,0,298.35
Coinbase,btc_eur,9109.06,1601972315.725201,9108.89,0,9109.06,0,9096.33
Coinbase,eth_usd,351.19,1601972317.65062,351.18,0,351.19,0,350.36
Coinbase,btc_usd,10721.19,1601972318.514756,10721.06,0,10721.19,0,10674.66
Coinbase,btc_usd,10721.19,1601972319.150666,10721.07,0,10721.19,0,10674.66
Coinbase,eth_eur,298.4,1601972319.723479,298.34,0,298.4,0,298.35
Coinbase,btc_usd,10721.19,1601972320.264488,10721.06,0,10721.19,0,10674.66
Coinbase,btc_usd,10721.19,1601972320.280622,10720.65,0,10721.19,0,10674.66
Coinbase,btc_usd,10721.19,1601972320.408921,10720.65,0,10721.19,0,10674.66
Coinbase,btc_usd,10721.19,1601972320.577021,10720.65,0,10721.19,0,10674.66
Coinbase,btc_usd,10721.19,1601972320.602775,10720.65,0,10721.19,0,10674.66
Coinbase,eth_usd,351.18,1601972320.687503,351.18,0,351.19,0,350.36
Coinbase,eth_usd,351.18,1601972320.688657,351.18,0,351.19,0,350.36
Coinbase,btc_eur,9110.62,1601972325.872529,9108.92,0,9110.62,0,9096.33
Coinbase,eth_eur,298.39,1601972327.678196,298.33,0,298.39,0,298.35
Coinbase,btc_usd,10720.71,1601972328.264011,10720.71,0,10720.72,0,10674.66
Coinbase,btc_eur,9108.92,1601972331.593082,9108.92,0,9110.57,0,9096.33
Coinbase,btc_usd,10720.74,1601972332.144675,10720.71,0,10720.74,0,10674.66
Coinbase,btc_eur,9111.1,1601972332.796307,9109.35,0,9111.1,0,9096.33
Coinbase,btc_usd,10720.71,1601972335.509849,10720.71,0,10720.72,0,10674.66
Coinbase,btc_usd,10720.71,1601972335.510423,10720.54,0,10720.72,0,10674.66
Coinbase,btc_usd,10720.54,1601972335.510773,10720.26,0,10720.72,0,10674.66
Coinbase,btc_usd,10720.26,1601972335.511124,10720.26,0,10720.72,0,10674.66
Coinbase,eth_eur,298.33,1601972336.875145,298.33,0,298.34,0,298.35
Coinbase,btc_usd,10720.75,1601972337.942694,10720.4,0,10720.75,0,10674.66
Coinbase,btc_eur,9109.41,1601972338.680528,9109.41,0,9111.38,0,9096.33
Coinbase,btc_eur,9111.19,1601972339.18019,9109.41,0,9111.19,0,9096.33
Coinbase,btc_eur,9111.55,1601972340.185445,9109.47,0,9111.55,0,9096.33
Coinbase,btc_eur,9111.52,1601972341.241999,9109.86,0,9111.53,0,9096.33
Coinbase,btc_eur,9111.53,1601972341.242815,9109.86,0,9111.53,0,9096.33
Coinbase,btc_eur,9111.53,1601972341.243953,9109.86,0,9111.53,0,9096.33
Coinbase,btc_usd,10722.2,1601972350.339416,10720.89,0,10722.21,0,10674.66
Coinbase,btc_usd,10720.85,1601972351.187282,10720.46,0,10720.85,0,10674.66
Coinbase,eth_eur,298.39,1601972354.34612,298.31,0,298.39,0,298.35
Coinbase,btc_eur,9108.9,1601972355.279662,9108.9,0,9110.85,0,9096.33
Coinbase,btc_usd,10720.81,1601972356.104756,10720.81,0,10720.82,0,10674.66
Coinbase,btc_eur,9108.9,1601972357.150738,9108.9,0,9110.73,0,9096.33
Coinbase,btc_usd,10720.82,1601972362.054008,10720.81,0,10720.82,0,10674.66
Coinbase,btc_eur,9108.9,1601972362.877822,9108.9,0,9110.99,0,9096.33
Coinbase,btc_eur,9111.32,1601972364.549166,9108.9,0,9111.32,0,9096.33
Coinbase,eth_usd,351.04,1601972368.353035,351.03,0,351.04,0,350.36
Coinbase,btc_eur,9110.33,1601972370.809444,9108.9,0,9110.33,0,9096.33
Coinbase,btc_usd,10720.82,1601972373.569714,10720.81,0,10720.82,0,10674.66
Coinbase,eth_usd,351.03,1601972375.226073,351.03,0,351.04,0,350.36
Coinbase,eth_usd,351.03,1601972375.226961,351.03,0,351.04,0,350.36
Coinbase,eth_usd,351.03,1601972375.262119,351.0,0,351.04,0,350.36
Coinbase,eth_usd,351.0,1601972375.560862,351.0,0,351.01,0,350.36
Coinbase,eth_usd,351.0,1601972375.757468,350.88,0,351.01,0,350.36
Coinbase,btc_usd,10721.4,1601972377.970114,10721.4,0,10722.18,0,10674.66
Coinbase,btc_usd,10721.91,1601972378.278434,10721.4,0,10721.91,0,10674.66
Coinbase,eth_usd,350.93,1601972378.70439,350.92,0,350.93,0,350.36
Coinbase,eth_usd,350.93,1601972380.824636,350.92,0,350.93,0,350.36
Coinbase,btc_usd,10720.82,1601972385.035547,10720.81,0,10720.82,0,10674.66
Coinbase,btc_usd,10720.82,1601972385.087858,10720.81,0,10720.82,0,10674.66
Coinbase,btc_eur,9109.4,1601972385.187175,9109.4,0,9111.2,0,9096.33
Coinbase,eth_eur,298.19,1601972385.248139,298.19,0,298.29,0,298.35
Coinbase,btc_usd,10720.82,1601972385.403107,10720.81,0,10720.82,0,10674.66
Coinbase,btc_usd,10720.81,1601972385.902855,10720.81,0,10720.82,0,10674.66
Coinbase,btc_usd,10720.82,1601972390.461815,10720.81,0,10720.82,0,10674.66
Coinbase,btc_usd,10720.81,1601972391.598178,10720.81,0,10720.82,0,10674.66
Coinbase,btc_usd,10720.81,1601972392.61637,10720.81,0,10720.82,0,10674.66
Coinbase,btc_usd,10720.82,1601972393.330357,10720.81,0,10720.82,0,10674.66
Coinbase,btc_eur,9109.4,1601972394.730288,9109.4,0,9110.73,0,9096.33
Coinbase,btc_eur,9111.14,1601972396.185939,9109.12,0,9111.14,0,9096.33
Coinbase,btc_eur,9109.13,1601972396.441865,9109.13,0,9111.1,0,9096.33
Coinbase,btc_eur,9110.96,1601972397.460897,9109.14,0,9110.97,0,9096.33
Coinbase,btc_eur,9110.97,1601972397.464622,9109.14,0,9110.97,0,9096.33
Coinbase,btc_eur,9110.97,1601972397.464989,9109.14,0,9111.08,0,9096.33
Coinbase,btc_eur,9111.08,1601972397.46535,9109.14,0,9111.09,0,9096.33
Coinbase,btc_eur,9111.09,1601972397.465707,9109.14,0,9111.09,0,9096.33
Coinbase,btc_usd,10720.81,1601972398.474532,10720.81,0,10720.82,0,10674.66
Coinbase,btc_eur,9110.73,1601972399.172542,9109.14,0,9110.73,0,9096.33
Coinbase,btc_eur,9110.73,1601972399.17335,9109.14,0,9110.73,0,9096.33
Coinbase,btc_usd,10720.82,1601972399.249838,10720.81,0,10720.82,0,10674.66
Coinbase,btc_eur,9109.14,1601972401.038695,9109.14,0,9110.91,0,9096.33
Coinbase,btc_usd,10720.82,1601972401.447378,10720.81,0,10720.82,0,10674.66
Coinbase,btc_eur,9110.66,1601972404.201551,9109.14,0,9110.66,0,9096.33
Coinbase,btc_usd,10720.81,1601972404.903068,10720.81,0,10720.82,0,10674.66
Coinbase,btc_eur,9110.78,1601972405.213761,9109.14,0,9110.78,0,9096.33
Coinbase,btc_usd,10720.82,1601972405.491532,10720.81,0,10720.82,0,10674.66
Coinbase,btc_eur,9109.14,1601972407.030258,9109.14,0,9110.57,0,9096.33
Coinbase,btc_eur,9110.56,1601972408.464187,9109.14,0,9110.56,0,9096.33
Coinbase,btc_usd,10720.82,1601972408.764736,10720.81,0,10720.82,0,10674.66
Coinbase,btc_usd,10720.82,1601972413.70143,10720.81,0,10720.82,0,10674.66
Coinbase,eth_eur,298.29,1601972413.755172,298.21,0,298.29,0,298.35
Coinbase,btc_usd,10720.81,1601972413.791811,10720.81,0,10720.82,0,10674.66
Coinbase,btc_usd,10720.81,1601972413.79295,10720.81,0,10720.82,0,10674.66
Coinbase,btc_usd,10720.81,1601972413.795084,10719.79,0,10720.82,0,10674.66
Coinbase,eth_eur,298.29,1601972414.00669,298.21,0,298.29,0,298.35
Coinbase,btc_usd,10719.79,1601972414.204234,10719.79,0,10719.8,0,10674.66
Coinbase,btc_usd,10719.8,1601972418.069856,10719.79,0,10719.8,0,10674.66
Coinbase,eth_usd,350.92,1601972418.377966,350.92,0,350.93,0,350.36
Coinbase,btc_eur,9110.91,1601972419.762308,9108.9,0,9110.91,0,9096.33
Coinbase,btc_usd,10719.8,1601972420.082672,10719.79,0,10719.8,0,10674.66
Coinbase,eth_usd,350.92,1601972421.81646,350.92,0,350.93,0,350.36
Coinbase,btc_usd,10719.8,1601972423.316464,10719.79,0,10719.8,0,10674.66
Coinbase,eth_usd,350.93,1601972423.842714,350.92,0,350.93,0,350.36
Coinbase,btc_eur,9110.61,1601972426.992911,9109.02,0,9110.62,0,9096.33
Coinbase,btc_eur,9110.62,1601972426.993473,9109.02,0,9110.62,0,9096.33
Coinbase,btc_eur,9110.62,1601972429.184039,9109.02,0,9110.66,0,9096.33
Coinbase,btc_eur,9110.66,1601972429.184552,9109.02,0,9111.08,0,9096.33
Coinbase,btc_eur,9111.08,1601972429.185408,9109.02,0,9111.09,0,9096.33
Coinbase,btc_eur,9111.09,1601972429.185767,9109.02,0,9111.19,0,9096.33
Coinbase,btc_eur,9111.19,1601972429.186122,9109.02,0,9111.19,0,9096.33
Coinbase,btc_usd,10719.8,1601972429.981526,10719.79,0,10719.8,0,10674.66
Coinbase,btc_usd,10719.8,1601972435.99689,10719.79,0,10719.8,0,10674.66
Coinbase,btc_usd,10719.8,1601972436.063153,10719.79,0,10719.8,0,10674.66
Coinbase,btc_usd,10719.8,1601972436.063691,10719.79,0,10719.8,0,10674.66
Coinbase,btc_usd,10719.8,1601972436.065499,10719.79,0,10719.8,0,10674.66
Coinbase,eth_eur,298.4,1601972437.085957,298.28,0,298.4,0,298.35
Coinbase,btc_usd,10719.8,1601972458.031023,10719.79,0,10719.8,0,10674.66
Coinbase,btc_eur,9110.6,1601972458.114522,9108.89,0,9110.6,0,9096.33
Coinbase,btc_usd,10719.79,1601972458.115096,10719.79,0,10719.8,0,10674.66
Coinbase,eth_usd,350.93,1601972458.115453,350.92,0,350.93,0,350.36
Coinbase,btc_usd,10719.79,1601972458.197858,10719.77,0,10719.8,0,10674.66
Coinbase,btc_usd,10719.77,1601972458.198237,10719.77,0,10719.8,0,10674.66
Coinbase,btc_usd,10719.77,1601972458.198598,10719.77,0,10719.8,0,10674.66
Coinbase,btc_usd,10719.77,1601972458.281505,10719.77,0,10719.79,0,10674.66
Coinbase,btc_usd,10719.77,1601972458.323628,10719.77,0,10719.78,0,10674.66
Coinbase,eth_usd,350.93,1601972458.36789,350.92,0,350.93,0,350.36
Coinbase,btc_eur,9109.04,1601972458.368312,9109.04,0,9110.6,0,9096.33
Coinbase,btc_usd,10719.77,1601972458.408151,10719.77,0,10719.78,0,10674.66
Coinbase,eth_eur,298.38,1601972458.45021,298.3,0,298.38,0,298.35
Coinbase,btc_usd,10719.78,1601972458.49187,10719.77,0,10719.78,0,10674.66
Coinbase,btc_eur,9109.5,1601972459.831723,9109.5,0,9111.15,0,9096.33
Coinbase,btc_eur,9109.51,1601972460.063584,9109.51,0,9111.15,0,9096.33
Coinbase,eth_eur,298.38,1601972460.373902,298.33,0,298.38,0,298.35
Coinbase,btc_usd,10719.78,1601972466.440339,10719.77,0,10719.78,0,10674.66
Coinbase,btc_eur,9111.11,1601972467.897386,9109.43,0,9111.52,0,9096.33
Coinbase,btc_eur,9111.52,1601972467.898287,9109.43,0,9111.52,0,9096.33
Coinbase,btc_usd,10719.78,1601972469.55815,10719.77,0,10719.78,0,10674.66
Coinbase,eth_usd,350.93,1601972472.791862,350.92,0,350.93,0,350.36
Coinbase,eth_usd,350.93,1601972478.610237,350.92,0,350.93,0,350.36
Coinbase,eth_usd,350.92,1601972483.02557,350.92,0,350.93,0,350.36
Coinbase,btc_eur,9111.43,1601972483.918488,9109.65,0,9111.43,0,9096.33
Coinbase,btc_usd,10719.77,1601972487.305083,10719.77,0,10719.78,0,10674.66
Coinbase,btc_usd,10719.77,1601972487.803275,10719.77,0,10719.78,0,10674.66
Coinbase,btc_usd,10719.78,1601972489.060624,10719.77,0,10719.78,0,10674.66
Coinbase,btc_usd,10719.77,1601972491.052483,10719.77,0,10719.78,0,10674.66
Coinbase,eth_usd,350.92,1601972491.068731,350.92,0,350.93,0,350.36
Coinbase,btc_usd,10719.77,1601972495.931021,10719.77,0,10719.78,0,10674.66
Coinbase,eth_eur,298.38,1601972496.946103,298.3,0,298.38,0,298.35
Coinbase,btc_eur,9111.43,1601972497.974873,9109.67,0,9111.44,0,9096.33
Coinbase,btc_eur,9111.44,1601972497.975399,9109.67,0,9111.71,0,9096.33
Coinbase,btc_eur,9111.71,1601972497.975754,9109.67,0,9111.71,0,9096.33
Coinbase,eth_usd,350.93,1601972498.723316,350.92,0,350.93,0,350.36
Coinbase,btc_usd,10719.78,1601972498.871261,10719.77,0,10719.78,0,10674.66
Coinbase,btc_usd,10719.77,1601972500.078312,10719.77,0,10719.78,0,10674.66
Coinbase,btc_usd,10719.77,1601972500.283485,10719.77,0,10719.78,0,10674.66
Coinbase,btc_usd,10719.78,1601972501.539184,10719.77,0,10719.78,0,10674.66
Coinbase,btc_usd,10719.77,1601972504.911303,10718.88,0,10719.78,0,10674.66
Coinbase,btc_usd,10718.88,1601972504.912291,10718.44,0,10719.78,0,10674.66
Coinbase,btc_usd,10718.44,1601972504.912807,10718.44,0,10719.78,0,10674.66
Coinbase,eth_usd,350.92,1601972504.98551,350.92,0,350.93,0,350.36
Coinbase,btc_usd,10718.69,1601972505.939181,10718.45,0,10718.69,0,10674.66
Coinbase,btc_eur,9111.26,1601972506.918067,9109.65,0,9111.34,0,9096.33
Coinbase,btc_eur,9111.34,1601972506.918625,9109.65,0,9111.34,0,9096.33
Coinbase,btc_eur,9111.25,1601972507.556379,9109.65,0,9111.32,0,9096.33
Coinbase,btc_eur,9111.32,1601972507.557236,9109.65,0,9111.32,0,9096.33
Coinbase,eth_usd,350.92,1601972507.850062,350.92,0,350.93,0,350.36
Coinbase,eth_usd,350.93,1601972509.617189,350.92,0,350.93,0,350.36
Coinbase,btc_usd,10718.69,1601972510.897186,10718.68,0,10718.69,0,10674.66
Coinbase,btc_usd,10718.69,1601972513.729145,10718.68,0,10718.69,0,10674.66
Coinbase,btc_eur,9111.31,1601972514.95828,9109.65,0,9111.57,0,9096.33
Coinbase,btc_eur,9111.57,1601972514.960151,9109.65,0,9111.57,0,9096.33
Coinbase,btc_usd,10718.69,1601972520.511649,10718.68,0,10718.69,0,10674.66
Coinbase,eth_usd,350.92,1601972520.531472,350.92,0,350.93,0,350.36
Coinbase,btc_usd,10718.68,1601972520.711572,10718.68,0,10718.69,0,10674.66
Coinbase,btc_usd,10718.68,1601972521.762112,10718.68,0,10718.69,0,10674.66
Coinbase,btc_usd,10718.69,1601972524.217759,10718.68,0,10718.69,0,10674.66
Coinbase,eth_usd,350.93,1601972530.46286,350.92,0,350.93,0,350.36
Coinbase,btc_eur,9111.03,1601972534.310009,9109.65,0,9111.04,0,9096.33
Coinbase,btc_eur,9111.04,1601972534.311021,9109.65,0,9111.04,0,9096.33
Coinbase,eth_usd,350.92,1601972535.730081,350.92,0,350.93,0,350.36
Coinbase,eth_eur,298.38,1601972537.82039,298.29,0,298.38,0,298.35
Coinbase,btc_eur,9110.49,1601972544.090655,9109.65,0,9110.49,0,9096.33
Coinbase,eth_usd,350.93,1601972546.475961,350.92,0,350.93,0,350.36
Coinbase,eth_usd,350.93,1601972546.487354,350.92,0,350.93,0,350.36
Coinbase,eth_usd,350.93,1601972546.524652,350.92,0,350.93,0,350.36
Coinbase,eth_usd,350.93,1601972546.559913,350.92,0,350.93,0,350.36
Coinbase,eth_usd,350.93,1601972546.566466,350.92,0,351.06,0,350.36
Coinbase,eth_usd,351.07,1601972549.589099,351.06,0,351.07,0,350.36
Coinbase,eth_eur,298.44,1601972551.029699,298.35,0,298.48,0,298.35
Coinbase,btc_usd,10718.68,1601972551.065661,10718.68,0,10718.69,0,10674.66
Coinbase,btc_eur,9109.65,1601972551.269925,9109.49,0,9111.0,0,9096.33
Coinbase,btc_eur,9109.49,1601972551.275176,9109.49,0,9111.0,0,9096.33
Coinbase,btc_usd,10718.69,1601972554.773189,10718.68,0,10718.69,0,10674.66
Coinbase,btc_usd,10718.69,1601972556.260774,10718.68,0,10718.69,0,10674.66
Coinbase,eth_eur,298.49,1601972557.217997,298.43,0,298.5,0,298.35
Coinbase,eth_eur,298.5,1601972557.218617,298.43,0,298.5,0,298.35
Coinbase,eth_eur,298.5,1601972557.218987,298.43,0,298.5,0,298.35
Coinbase,eth_eur,298.5,1601972557.299737,298.43,0,298.5,0,298.35
Coinbase,btc_usd,10718.69,1601972559.360436,10718.68,0,10718.69,0,10674.66
Coinbase,eth_usd,351.07,1601972561.216097,351.06,0,351.07,0,350.36
Coinbase,btc_usd,10719.77,1601972562.975371,10719.77,0,10719.78,0,10674.66
Coinbase,btc_usd,10719.77,1601972563.69214,10719.77,0,10719.78,0,10674.66
Coinbase,btc_usd,10719.78,1601972563.769006,10719.77,0,10719.78,0,10674.66
Coinbase,btc_usd,10719.78,1601972564.020022,10719.77,0,10719.78,0,10674.66
Coinbase,btc_eur,9110.3,1601972564.221109,9108.93,0,9110.3,0,9096.33
Coinbase,btc_usd,10718.69,1601972575.267313,10718.68,0,10718.69,0,10674.66
Coinbase,btc_usd,10718.69,1601972575.268235,10718.68,0,10718.69,0,10674.66
Coinbase,eth_usd,351.07,1601972577.622066,351.06,0,351.07,0,350.36
Coinbase,eth_eur,298.48,1601972578.255145,298.37,0,298.48,0,298.35
Coinbase,eth_usd,351.07,1601972579.960416,351.06,0,351.07,0,350.36
Coinbase,btc_eur,9108.9,1601972581.482019,9108.9,0,9110.37,0,9096.33
Coinbase,btc_eur,9109.85,1601972582.73843,9108.89,0,9109.85,0,9096.33
Coinbase,btc_eur,9109.85,1601972583.996639,9108.89,0,9109.85,0,9096.33
Coinbase,btc_usd,10718.69,1601972587.542675,10718.68,0,10718.69,0,10674.66
Coinbase,btc_eur,9109.85,1601972588.514344,9108.89,0,9109.85,0,9096.33
Coinbase,btc_usd,10718.68,1601972589.593546,10718.68,0,10718.69,0,10674.66
Coinbase,btc_usd,10718.69,1601972595.325242,10718.68,0,10718.69,0,10674.66
Coinbase,btc_eur,9109.78,1601972596.680747,9109.0,0,9109.83,0,9096.33
Coinbase,btc_eur,9109.83,1601972596.6813,9109.0,0,9109.83,0,9096.33
Coinbase,btc_usd,10718.69,1601972598.900123,10718.68,0,10718.69,0,10674.66
Coinbase,btc_eur,9109.0,1601972600.397533,9108.89,0,9109.82,0,9096.33
Coinbase,btc_eur,9108.89,1601972600.398109,9108.84,0,9109.82,0,9096.33
Coinbase,btc_eur,9108.84,1601972600.398462,9108.73,0,9109.82,0,9096.33
Coinbase,btc_eur,9108.73,1601972600.480092,9108.73,0,9109.82,0,9096.33
Coinbase,btc_eur,9108.73,1601972600.481017,9108.73,0,9109.82,0,9096.33
Coinbase,btc_usd,10718.68,1601972601.133844,10718.68,0,10718.69,0,10674.66
Coinbase,btc_usd,10718.68,1601972601.482032,10718.68,0,10718.69,0,10674.66
Coinbase,btc_usd,10718.68,1601972603.44738,10718.68,0,10718.69,0,10674.66
Coinbase,btc_usd,10718.68,1601972603.449108,10718.68,0,10718.69,0,10674.66
Coinbase,btc_usd,10718.68,1601972603.449482,10718.68,0,10718.69,0,10674.66
Coinbase,btc_usd,10718.68,1601972603.53137,10718.68,0,10718.69,0,10674.66
Coinbase,btc_usd,10718.69,1601972604.275809,10718.68,0,10718.69,0,10674.66
Coinbase,btc_usd,10718.69,1601972604.543672,10718.68,0,10718.69,0,10674.66
Coinbase,btc_usd,10718.69,1601972609.531943,10718.68,0,10718.69,0,10674.66
Coinbase,btc_eur,9108.73,1601972609.566051,9108.73,0,9110.33,0,9096.33
Coinbase,btc_usd,10718.69,1601972610.006955,10718.68,0,10718.69,0,10674.66
Coinbase,eth_usd,351.07,1601972611.174615,351.06,0,351.07,0,350.36
Coinbase,eth_usd,351.07,1601972611.31506,351.06,0,351.07,0,350.36
Coinbase,eth_usd,351.07,1601972611.826885,351.06,0,351.07,0,350.36
Coinbase,eth_usd,351.07,1601972611.827662,351.06,0,351.07,0,350.36
Coinbase,eth_usd,351.07,1601972611.854088,351.06,0,351.07,0,350.36
Coinbase,eth_usd,351.07,1601972611.910167,351.06,0,351.07,0,350.36
Coinbase,eth_usd,351.07,1601972612.074408,351.06,0,351.07,0,350.36
Coinbase,eth_usd,351.07,1601972612.191277,351.06,0,351.07,0,350.36
Coinbase,eth_usd,351.07,1601972612.289696,351.06,0,351.07,0,350.36
Coinbase,eth_usd,351.07,1601972612.704636,351.06,0,351.07,0,350.36
Coinbase,eth_usd,351.07,1601972612.705232,351.06,0,351.19,0,350.36
Coinbase,btc_usd,10719.78,1601972612.847701,10719.77,0,10719.78,0,10674.66
Coinbase,btc_usd,10719.78,1601972614.798449,10719.77,0,10719.78,0,10674.66
Coinbase,btc_usd,10721.47,1601972617.41115,10721.46,0,10721.47,0,10674.66
Coinbase,eth_usd,351.19,1601972618.087064,351.18,0,351.19,0,350.36
Coinbase,btc_usd,10721.47,1601972618.349306,10721.46,0,10721.47,0,10674.66
Coinbase,eth_usd,351.18,1601972620.760257,351.18,0,351.19,0,350.36
Coinbase,btc_eur,9113.59,1601972621.215894,9111.3,0,9113.59,0,9096.33
Coinbase,btc_usd,10721.47,1601972621.393825,10721.46,0,10721.47,0,10674.66
Coinbase,btc_usd,10721.47,1601972621.510635,10721.46,0,10721.47,0,10674.66
Coinbase,btc_usd,10721.47,1601972623.527926,10721.46,0,10721.47,0,10674.66
Coinbase,eth_usd,351.19,1601972623.538476,351.18,0,351.19,0,350.36
Coinbase,btc_usd,10721.47,1601972623.615179,10721.46,0,10721.47,0,10674.66
Coinbase,btc_usd,10721.47,1601972625.559346,10721.46,0,10721.47,0,10674.66
Coinbase,btc_usd,10721.47,1601972625.586528,10721.46,0,10721.47,0,10674.66
Coinbase,btc_usd,10721.47,1601972625.602741,10721.46,0,10721.47,0,10674.66
Coinbase,btc_usd,10721.47,1601972625.643794,10721.46,0,10722.33,0,10674.66
Coinbase,btc_usd,10724.33,1601972625.926314,10724.33,0,10724.34,0,10674.66
Coinbase,btc_usd,10724.34,1601972627.674125,10724.33,0,10724.34,0,10674.66
Coinbase,btc_usd,10724.33,1601972627.77945,10724.33,0,10724.34,0,10674.66
Coinbase,btc_usd,10724.34,1601972629.942118,10724.33,0,10724.34,0,10674.66
Coinbase,btc_usd,10724.34,1601972631.428955,10724.33,0,10724.34,0,10674.66
Coinbase,btc_eur,9114.0,1601972632.886742,9112.83,0,9115.0,0,9096.33
Coinbase,btc_eur,9115.0,1601972632.887569,9112.83,0,9115.0,0,9096.33
Coinbase,eth_usd,351.19,1601972632.928046,351.18,0,351.19,0,350.36
Coinbase,btc_eur,9113.14,1601972634.373795,9113.14,0,9115.0,0,9096.33
Coinbase,btc_eur,9115.0,1601972636.776795,9113.67,0,9116.0,0,9096.33
Coinbase,btc_eur,9116.0,1601972636.777394,9113.67,0,9116.0,0,9096.33
Coinbase,btc_eur,9116.0,1601972636.777757,9113.67,0,9116.26,0,9096.33
Coinbase,btc_eur,9116.26,1601972636.859682,9113.67,0,9116.26,0,9096.33
Coinbase,btc_usd,10724.33,1601972640.188173,10724.33,0,10724.34,0,10674.66
Coinbase,btc_usd,10724.34,1601972640.521084,10724.33,0,10724.34,0,10674.66
Coinbase,btc_usd,10724.34,1601972648.426507,10724.33,0,10724.34,0,10674.66
Coinbase,eth_usd,351.19,1601972649.622576,351.18,0,351.19,0,350.36
Coinbase,btc_eur,9115.6,1601972649.854156,9114.45,0,9115.6,0,9096.33
Coinbase,btc_eur,9113.54,1601972652.94213,9110.67,0,9113.54,0,9096.33
Coinbase,btc_usd,10721.81,1601972653.38476,10721.8,0,10721.81,0,10674.66
Coinbase,btc_eur,9110.43,1601972654.413286,9110.43,0,9113.53,0,9096.33
Coinbase,btc_usd,10721.67,1601972657.892886,10721.67,0,10721.78,0,10674.66
Coinbase,eth_eur,298.6,1601972658.032147,298.53,0,298.6,0,298.35
Coinbase,btc_eur,9113.02,1601972659.034726,9110.42,0,9113.02,0,9096.33
Coinbase,btc_usd,10720.75,1601972660.060108,10720.45,0,10720.75,0,10674.66
Coinbase,eth_usd,351.18,1601972660.23311,351.18,0,351.19,0,350.36
Coinbase,eth_usd,351.18,1601972660.238421,351.18,0,351.19,0,350.36
Coinbase,eth_usd,351.18,1601972660.317736,351.18,0,351.19,0,350.36
Coinbase,eth_usd,351.18,1601972660.31833,351.18,0,351.19,0,350.36
Coinbase,eth_usd,351.18,1601972660.318696,351.18,0,351.19,0,350.36
Coinbase,eth_usd,351.18,1601972660.322371,351.16,0,351.19,0,350.36
Coinbase,eth_eur,298.54,1601972660.430053,298.54,0,298.58,0,298.35
Coinbase,eth_eur,298.54,1601972660.516875,298.44,0,298.57,0,298.35
Coinbase,btc_usd,10718.69,1601972661.275085,10718.68,0,10718.69,0,10674.66
Coinbase,btc_usd,10718.69,1601972663.884328,10718.68,0,10718.69,0,10674.66
Coinbase,btc_eur,9109.66,1601972665.843716,9108.61,0,9109.67,0,9096.33
Coinbase,btc_eur,9109.67,1601972665.844291,9108.61,0,9109.68,0,9096.33
Coinbase,btc_eur,9109.68,1601972665.844975,9108.61,0,9110.58,0,9096.33
Coinbase,btc_eur,9110.58,1601972665.929018,9108.61,0,9110.59,0,9096.33
Coinbase,btc_eur,9110.59,1601972665.929497,9108.61,0,9110.59,0,9096.33
Coinbase,eth_usd,351.11,1601972666.34908,351.1,0,351.11,0,350.36
Coinbase,eth_usd,351.11,1601972666.398019,351.1,0,351.11,0,350.36
Coinbase,eth_usd,351.11,1601972666.399337,351.1,0,351.19,0,350.36
Coinbase,eth_usd,351.19,1601972666.433335,351.1,0,351.19,0,350.36
Coinbase,eth_usd,351.17,1601972666.563752,351.17,0,351.19,0,350.36
Coinbase,eth_usd,351.17,1601972666.774922,351.17,0,351.19,0,350.36
Coinbase,btc_usd,10719.0,1601972667.450052,10718.69,0,10719.0,0,10674.66
Coinbase,btc_usd,10718.75,1601972676.075422,10718.75,0,10718.76,0,10674.66
Coinbase,btc_usd,10718.68,1601972678.715859,10718.68,0,10718.69,0,10674.66
Coinbase,btc_usd,10718.68,1601972678.717617,10718.68,0,10718.69,0,10674.66
Coinbase,btc_usd,10718.68,1601972678.800166,10718.06,0,10718.69,0,10674.66
Coinbase,btc_usd,10718.06,1601972678.800709,10718.06,0,10718.69,0,10674.66
Coinbase,btc_eur,9109.18,1601972681.436164,9109.18,0,9111.03,0,9096.33
Coinbase,btc_eur,9111.52,1601972682.437516,9109.4,0,9111.74,0,9096.33
Coinbase,btc_eur,9111.74,1601972682.441306,9109.4,0,9111.75,0,9096.33
Coinbase,btc_eur,9111.75,1601972682.441856,9109.4,0,9111.75,0,9096.33
Coinbase,btc_eur,9111.75,1601972682.52185,9109.4,0,9111.76,0,9096.33
Coinbase,btc_eur,9111.76,1601972682.522402,9109.4,0,9111.76,0,9096.33
Coinbase,eth_eur,298.47,1601972683.398656,298.42,0,298.54,0,298.35
Coinbase,eth_eur,298.42,1601972683.399214,298.42,0,298.54,0,298.35
Coinbase,eth_eur,298.42,1601972683.399582,298.42,0,298.54,0,298.35
Coinbase,btc_usd,10719.98,1601972683.478975,10719.91,0,10719.98,0,10674.66
Coinbase,btc_usd,10718.98,1601972687.747959,10718.7,0,10718.98,0,10674.66
Coinbase,btc_eur,9110.17,1601972691.691227,9110.17,0,9112.27,0,9096.33
Coinbase,btc_eur,9111.77,1601972694.442946,9108.78,0,9111.77,0,9096.33
Coinbase,btc_eur,9111.77,1601972694.44398,9108.78,0,9111.77,0,9096.33
Coinbase,btc_usd,10717.92,1601972698.728413,10717.9,0,10717.92,0,10674.66
Coinbase,eth_eur,298.46,1601972700.196838,298.46,0,298.58,0,298.35
Coinbase,btc_eur,9108.8,1601972701.154393,9108.8,0,9110.31,0,9096.33
Coinbase,btc_usd,10718.91,1601972701.323402,10718.46,0,10718.91,0,10674.66
Coinbase,btc_usd,10719.98,1601972701.687868,10719.97,0,10719.98,0,10674.66
Coinbase,btc_eur,9110.31,1601972702.167117,9110.05,0,9110.31,0,9096.33
Coinbase,btc_usd,10719.98,1601972702.285271,10719.97,0,10719.98,0,10674.66
Coinbase,btc_eur,9110.31,1601972706.018234,9110.02,0,9110.31,0,9096.33
Coinbase,btc_usd,10719.98,1601972708.294696,10719.97,0,10719.98,0,10674.66
Coinbase,btc_eur,9110.31,1601972708.534941,9109.97,0,9110.31,0,9096.33
Coinbase,btc_usd,10719.98,1601972711.569872,10719.97,0,10719.98,0,10674.66
Coinbase,btc_usd,10719.97,1601972712.078028,10719.97,0,10719.98,0,10674.66
Coinbase,btc_eur,9110.31,1601972714.641253,9109.96,0,9110.31,0,9096.33
Coinbase,eth_usd,351.19,1601972715.016305,351.18,0,351.19,0,350.36
Coinbase,eth_eur,298.53,1601972717.325391,298.53,0,298.63,0,298.35
Coinbase,btc_usd,10719.98,1601972721.494037,10719.97,0,10719.98,0,10674.66
Coinbase,btc_usd,10719.98,1601972721.495605,10719.97,0,10721.86,0,10674.66
Coinbase,btc_usd,10721.86,1601972721.497153,10719.97,0,10722.92,0,10674.66
Coinbase,btc_usd,10722.92,1601972721.579432,10719.97,0,10722.92,0,10674.66
Coinbase,btc_usd,10720.52,1601972721.57984,10720.52,0,10722.38,0,10674.66
Coinbase,btc_usd,10721.12,1601972722.408521,10721.12,0,10721.85,0,10674.66
Coinbase,eth_usd,351.19,1601972722.934268,351.18,0,351.19,0,350.36
Coinbase,btc_usd,10721.33,1601972724.451078,10721.32,0,10721.51,0,10674.66
Coinbase,btc_usd,10721.33,1601972726.014687,10721.32,0,10721.33,0,10674.66
Coinbase,eth_usd,351.19,1601972726.546754,351.18,0,351.19,0,350.36
Coinbase,eth_usd,351.19,1601972728.899044,351.18,0,351.19,0,350.36
Coinbase,btc_usd,10721.33,1601972729.829666,10721.32,0,10721.33,0,10674.66
Coinbase,btc_usd,10721.33,1601972731.031635,10721.32,0,10721.33,0,10674.66
Coinbase,btc_usd,10721.33,1601972731.032477,10721.32,0,10721.33,0,10674.66
Coinbase,btc_usd,10721.33,1601972731.033131,10721.32,0,10721.33,0,10674.66
Coinbase,btc_usd,10721.33,1601972731.115268,10721.32,0,10721.33,0,10674.66
Coinbase,btc_usd,10721.32,1601972735.882148,10721.32,0,10721.33,0,10674.66
Coinbase,btc_usd,10721.33,1601972736.987124,10721.32,0,10721.33,0,10674.66
Coinbase,btc_usd,10721.33,1601972736.987663,10721.32,0,10721.33,0,10674.66
Coinbase,btc_usd,10721.33,1601972736.988872,10721.32,0,10721.33,0,10674.66
Coinbase,btc_usd,10721.33,1601972737.070581,10721.32,0,10721.33,0,10674.66
Coinbase,btc_usd,10721.33,1601972737.070992,10721.32,0,10721.33,0,10674.66
Coinbase,btc_usd,10721.91,1601972738.120118,10721.91,0,10721.99,0,10674.66
Coinbase,btc_usd,10721.99,1601972739.662507,10721.94,0,10721.99,0,10674.66
Coinbase,btc_usd,10721.99,1601972740.583658,10721.95,0,10721.99,0,10674.66
Coinbase,eth_usd,351.19,1601972741.357326,351.18,0,351.19,0,350.36
Coinbase,btc_usd,10722.28,1601972745.27186,10721.72,0,10722.28,0,10674.66
Coinbase,btc_usd,10722.28,1601972746.523006,10721.72,0,10722.28,0,10674.66
Coinbase,btc_usd,10721.72,1601972746.785956,10721.72,0,10722.28,0,10674.66
Coinbase,eth_usd,351.19,1601972750.32595,351.18,0,351.19,0,350.36
Coinbase,btc_eur,9110.31,1601972752.165917,9110.3,0,9110.31,0,9096.33
Coinbase,eth_usd,351.19,1601972752.179189,351.18,0,351.19,0,350.36
Coinbase,btc_usd,10722.69,1601972752.427539,10722.09,0,10722.69,0,10674.66
Coinbase,eth_usd,351.19,1601972752.911671,351.18,0,351.19,0,350.36
Coinbase,btc_eur,9110.31,1601972752.970099,9110.3,0,9110.31,0,9096.33
Coinbase,btc_eur,9110.31,1601972754.411741,9110.3,0,9112.39,0,9096.33
Coinbase,btc_eur,9112.39,1601972754.46012,9110.31,0,9113.61,0,9096.33
Coinbase,btc_usd,10723.21,1601972754.519408,10723.21,0,10724.18,0,10674.66
Coinbase,eth_usd,351.19,1601972755.287171,351.18,0,351.19,0,350.36
Coinbase,eth_usd,351.19,1601972755.358814,351.18,0,351.19,0,350.36
Coinbase,eth_usd,351.19,1601972755.385889,351.18,0,351.19,0,350.36
Coinbase,eth_usd,351.19,1601972755.526473,351.18,0,351.19,0,350.36
Coinbase,eth_usd,351.19,1601972755.620454,351.18,0,351.19,0,350.36
Coinbase,eth_usd,351.19,1601972755.650356,351.18,0,351.19,0,350.36
Coinbase,eth_usd,351.19,1601972755.701182,351.18,0,351.19,0,350.36
Coinbase,eth_usd,351.19,1601972755.701537,351.18,0,351.19,0,350.36
Coinbase,eth_usd,351.19,1601972755.704287,351.18,0,351.19,0,350.36
Coinbase,eth_usd,351.19,1601972755.742835,351.18,0,351.2,0,350.36
Coinbase,eth_usd,351.2,1601972755.74324,351.18,0,351.3,0,350.36
Coinbase,btc_usd,10725.56,1601972756.201315,10725.56,0,10725.57,0,10674.66
Coinbase,eth_usd,351.3,1601972757.498452,351.29,0,351.3,0,350.36
Coinbase,eth_usd,351.3,1601972757.498974,351.29,0,351.3,0,350.36
Coinbase,btc_eur,9116.97,1601972757.527119,9115.23,0,9116.97,0,9096.33
Coinbase,btc_usd,10725.24,1601972758.66809,10725.23,0,10725.24,0,10674.66
Coinbase,btc_eur,9117.0,1601972763.830871,9115.34,0,9117.0,0,9096.33
Coinbase,btc_eur,9117.0,1601972763.832109,9115.34,0,9117.1,0,9096.33
Coinbase,btc_eur,9117.1,1601972763.842177,9115.34,0,9117.1,0,9096.33
Coinbase,eth_usd,351.3,1601972767.966984,351.29,0,351.3,0,350.36
Coinbase,btc_usd,10726.22,1601972771.571214,10725.39,0,10726.22,0,10674.66
Coinbase,btc_usd,10726.62,1601972772.859908,10726.62,0,10726.63,0,10674.66
Coinbase,eth_usd,351.3,1601972773.097851,351.29,0,351.3,0,350.36
Coinbase,eth_eur,298.76,1601972778.380389,298.66,0,298.76,0,298.35
Coinbase,btc_eur,9115.27,1601972779.337007,9115.26,0,9117.09,0,9096.33
Coinbase,btc_eur,9115.26,1601972779.339254,9115.14,0,9117.09,0,9096.33
Coinbase,btc_eur,9115.14,1601972779.339651,9115.14,0,9117.09,0,9096.33
Coinbase,btc_usd,10725.04,1601972783.174533,10725.02,0,10725.04,0,10674.66
Coinbase,eth_usd,351.29,1601972783.27492,351.29,0,351.3,0,350.36
Coinbase,btc_eur,9114.86,1601972784.126721,9114.86,0,9116.67,0,9096.33
Coinbase,btc_usd,10725.79,1601972786.021411,10725.25,0,10725.8,0,10674.66
Coinbase,btc_usd,10725.25,1601972786.023605,10725.25,0,10725.8,0,10674.66
Coinbase,btc_usd,10724.7,1601972786.234811,10724.54,0,10725.25,0,10674.66
Coinbase,btc_usd,10724.54,1601972786.235632,10724.54,0,10725.25,0,10674.66
Coinbase,eth_usd,351.3,1601972788.56473,351.29,0,351.3,0,350.36
Coinbase,eth_eur,298.75,1601972791.526906,298.66,0,298.75,0,298.35
Coinbase,eth_eur,298.75,1601972791.527627,298.66,0,298.75,0,298.35
Coinbase,btc_usd,10725.59,1601972799.55155,10725.59,0,10725.6,0,10674.66
Coinbase,eth_usd,351.29,1601972801.917629,351.29,0,351.3,0,350.36
Coinbase,eth_usd,351.3,1601972804.349028,351.29,0,351.3,0,350.36
Coinbase,btc_usd,10725.6,1601972808.64558,10725.6,0,10725.63,0,10674.66
Coinbase,btc_usd,10725.65,1601972811.212743,10725.65,0,10726.1,0,10674.66
Coinbase,btc_usd,10725.65,1601972812.742181,10725.65,0,10725.66,0,10674.66
Coinbase,eth_usd,351.3,1601972812.94363,351.29,0,351.3,0,350.36
Coinbase,btc_usd,10725.66,1601972813.351901,10725.65,0,10725.66,0,10674.66
Coinbase,btc_eur,9117.09,1601972815.590513,9115.26,0,9117.09,0,9096.33
Coinbase,btc_eur,9117.09,1601972818.734788,9115.38,0,9117.09,0,9096.33
Coinbase,btc_usd,10725.66,1601972819.020986,10725.65,0,10725.66,0,10674.66
Coinbase,btc_eur,9115.38,1601972819.492027,9115.38,0,9117.09,0,9096.33
Coinbase,btc_usd,10725.66,1601972825.681202,10725.65,0,10725.66,0,10674.66
Coinbase,btc_usd,10725.65,1601972828.517442,10725.65,0,10725.66,0,10674.66
Coinbase,btc_eur,9117.09,1601972830.72831,9115.42,0,9117.09,0,9096.33
Coinbase,btc_usd,10725.26,1601972834.272117,10725.25,0,10725.26,0,10674.66
Coinbase,eth_usd,351.3,1601972834.674545,351.29,0,351.3,0,350.36
Coinbase,eth_usd,351.3,1601972834.683209,351.29,0,351.3,0,350.36
Coinbase,eth_usd,351.3,1601972834.691161,351.29,0,351.3,0,350.36
Coinbase,eth_usd,351.3,1601972834.758722,351.29,0,351.3,0,350.36
Coinbase,eth_usd,351.3,1601972834.775891,351.29,0,351.3,0,350.36
Coinbase,eth_usd,351.3,1601972834.776394,351.29,0,351.41,0,350.36
Coinbase,eth_usd,351.41,1601972834.776751,351.29,0,351.41,0,350.36
Coinbase,eth_usd,351.41,1601972834.777108,351.3,0,351.41,0,350.36
Coinbase,eth_usd,351.41,1601972834.777484,351.31,0,351.48,0,350.36
Coinbase,eth_usd,351.48,1601972834.84308,351.31,0,351.5,0,350.36
Coinbase,eth_eur,298.78,1601972834.997295,298.67,0,298.78,0,298.35
Coinbase,btc_usd,10725.47,1601972837.432109,10725.47,0,10725.91,0,10674.66
Coinbase,btc_usd,10725.91,1601972838.875122,10724.77,0,10725.91,0,10674.66
Coinbase,eth_eur,298.84,1601972840.042049,298.82,0,298.89,0,298.35
Coinbase,eth_eur,298.82,1601972840.042602,298.82,0,298.89,0,298.35
Coinbase,btc_usd,10725.91,1601972841.51883,10724.98,0,10725.91,0,10674.66
Coinbase,eth_eur,298.89,1601972844.217438,298.83,0,298.89,0,298.35
Coinbase,btc_eur,9115.69,1601972847.217527,9115.69,0,9117.84,0,9096.33
Coinbase,btc_usd,10725.96,1601972847.852328,10725.92,0,10725.96,0,10674.66
Coinbase,eth_eur,298.77,1601972850.745581,298.77,0,298.88,0,298.35
Coinbase,eth_eur,298.77,1601972852.300099,298.76,0,298.87,0,298.35
Coinbase,eth_eur,298.76,1601972852.301209,298.73,0,298.87,0,298.35
Coinbase,eth_eur,298.73,1601972852.305967,298.73,0,298.87,0,298.35
Coinbase,eth_eur,298.73,1601972852.384047,298.73,0,298.87,0,298.35
Coinbase,eth_usd,351.66,1601972853.133485,351.65,0,351.66,0,350.36
Coinbase,btc_usd,10725.95,1601972853.362635,10725.95,0,10725.96,0,10674.66
Coinbase,btc_usd,10725.96,1601972853.636785,10725.95,0,10725.96,0,10674.66
Coinbase,btc_eur,9117.68,1601972853.845397,9115.7,0,9117.68,0,9096.33
Coinbase,btc_usd,10725.95,1601972857.528818,10725.95,0,10725.96,0,10674.66
Coinbase,btc_eur,9117.67,1601972862.030831,9116.37,0,9117.97,0,9096.33
Coinbase,btc_eur,9117.97,1601972862.031678,9116.37,0,9117.97,0,9096.33
Coinbase,btc_usd,10725.95,1601972862.476233,10725.95,0,10725.96,0,10674.66
Coinbase,btc_usd,10725.95,1601972862.47668,10725.95,0,10725.96,0,10674.66
Coinbase,btc_usd,10725.96,1601972865.261772,10725.95,0,10725.96,0,10674.66
Coinbase,btc_usd,10725.96,1601972869.086929,10725.95,0,10725.96,0,10674.66
Coinbase,eth_eur,298.8,1601972871.11753,298.8,0,298.89,0,298.35
Coinbase,btc_eur,9117.97,1601972877.593263,9116.47,0,9117.97,0,9096.33
Coinbase,btc_usd,10725.96,1601972878.566059,10725.95,0,10725.96,0,10674.66
Coinbase,btc_usd,10725.96,1601972880.538429,10725.95,0,10725.96,0,10674.66
Coinbase,btc_usd,10725.96,1601972880.911988,10725.95,0,10725.96,0,10674.66
Coinbase,btc_eur,9117.97,1601972882.157725,9116.47,0,9117.97,0,9096.33
Coinbase,btc_eur,9116.47,1601972885.052537,9116.47,0,9117.94,0,9096.33
Coinbase,btc_eur,9117.94,1601972886.112372,9116.47,0,9117.94,0,9096.33
Coinbase,btc_eur,9116.47,1601972887.011417,9116.47,0,9117.94,0,9096.33
Coinbase,eth_eur,298.89,1601972888.679809,298.8,0,298.89,0,298.35
Coinbase,btc_usd,10725.96,1601972890.335947,10725.95,0,10725.96,0,10674.66
Coinbase,eth_eur,298.89,1601972890.84182,298.81,0,298.89,0,298.35
Coinbase,eth_usd,351.65,1601972893.251877,351.65,0,351.66,0,350.36
Coinbase,eth_usd,351.65,1601972893.252775,351.65,0,351.66,0,350.36
Coinbase,btc_usd,10725.96,1601972893.285404,10725.95,0,10725.96,0,10674.66
Coinbase,btc_usd,10725.96,1601972899.138084,10725.95,0,10725.96,0,10674.66
Coinbase,btc_usd,10725.95,1601972902.701185,10725.95,0,10725.96,0,10674.66
Coinbase,eth_usd,351.66,1601972909.731977,351.65,0,351.66,0,350.36
Coinbase,eth_usd,351.66,1601972910.408598,351.65,0,351.66,0,350.36
Coinbase,btc_usd,10725.96,1601972911.059849,10725.95,0,10725.96,0,10674.66
Coinbase,btc_usd,10725.96,1601972911.505489,10725.95,0,10725.96,0,10674.66
Coinbase,eth_usd,351.65,1601972913.094917,351.65,0,351.66,0,350.36
Coinbase,eth_usd,351.65,1601972913.097416,351.65,0,351.66,0,350.36
Coinbase,eth_usd,351.65,1601972913.097813,351.65,0,351.66,0,350.36
Coinbase,eth_usd,351.65,1601972913.181061,351.65,0,351.66,0,350.36
Coinbase,eth_usd,351.65,1601972913.432511,351.48,0,351.66,0,350.36
Coinbase,btc_eur,9117.94,1601972913.824827,9117.61,0,9117.95,0,9096.33
Coinbase,btc_eur,9117.94,1601972923.37689,9116.09,0,9117.94,0,9096.33
Coinbase,btc_usd,10725.96,1601972923.929985,10725.95,0,10725.96,0,10674.66
Coinbase,btc_usd,10725.96,1601972924.843818,10725.95,0,10725.96,0,10674.66
Coinbase,btc_eur,9116.26,1601972925.459124,9116.26,0,9117.92,0,9096.33
Coinbase,btc_eur,9116.27,1601972928.39807,9116.27,0,9117.88,0,9096.33
Coinbase,btc_usd,10725.96,1601972930.132803,10725.95,0,10725.96,0,10674.66
Coinbase,btc_usd,10725.96,1601972930.341936,10725.95,0,10725.96,0,10674.66
Coinbase,btc_usd,10725.95,1601972932.096508,10724.01,0,10725.96,0,10674.66
Coinbase,btc_usd,10724.02,1601972935.233699,10724.01,0,10724.02,0,10674.66
Coinbase,btc_usd,10724.02,1601972935.404388,10724.01,0,10724.02,0,10674.66
Coinbase,btc_usd,10724.02,1601972936.833674,10724.01,0,10724.02,0,10674.66
Coinbase,btc_usd,10724.02,1601972939.531955,10724.01,0,10724.02,0,10674.66
Coinbase,btc_usd,10724.02,1601972940.516907,10724.01,0,10724.02,0,10674.66
Coinbase,btc_eur,9115.91,1601972941.392124,9114.32,0,9115.91,0,9096.33
Coinbase,eth_usd,351.36,1601972946.044859,351.36,0,351.37,0,350.36
Coinbase,btc_usd,10724.02,1601972947.04798,10724.01,0,10724.02,0,10674.66
Coinbase,btc_eur,9112.29,1601972947.636175,9112.29,0,9114.65,0,9096.33
Coinbase,btc_eur,9112.36,1601972949.80865,9112.36,0,9114.39,0,9096.33
Coinbase,btc_usd,10724.02,1601972961.737397,10724.01,0,10724.02,0,10674.66
Coinbase,eth_usd,351.37,1601972962.901202,351.36,0,351.37,0,350.36
Coinbase,eth_usd,351.37,1601972962.901758,351.36,0,351.38,0,350.36
Coinbase,btc_usd,10724.02,1601972962.9358,10724.02,0,10724.03,0,10674.66
Coinbase,btc_usd,10724.02,1601972962.984909,10724.02,0,10724.03,0,10674.66
Coinbase,btc_usd,10724.35,1601972963.198805,10724.35,0,10724.36,0,10674.66
Coinbase,btc_usd,10724.36,1601972963.313038,10724.36,0,10724.43,0,10674.66
Coinbase,btc_usd,10724.98,1601972963.566868,10724.98,0,10725.07,0,10674.66
Coinbase,btc_usd,10724.98,1601972963.569753,10724.98,0,10725.07,0,10674.66
Coinbase,btc_usd,10724.98,1601972963.570203,10724.98,0,10725.07,0,10674.66
Coinbase,eth_eur,298.68,1601972965.793267,298.68,0,298.73,0,298.35
Coinbase,btc_eur,9117.32,1601972967.469184,9115.04,0,9117.32,0,9096.33
Coinbase,btc_usd,10725.36,1601972970.529645,10725.35,0,10725.36,0,10674.66
Coinbase,eth_usd,351.38,1601972972.527012,351.37,0,351.38,0,350.36
Coinbase,btc_usd,10725.06,1601972973.322715,10725.05,0,10725.71,0,10674.66
Coinbase,btc_usd,10725.05,1601972973.323566,10725.05,0,10725.71,0,10674.66
Coinbase,btc_usd,10725.43,1601972973.580563,10725.05,0,10725.43,0,10674.66
Coinbase,btc_usd,10725.05,1601972973.6389,10725.05,0,10725.43,0,10674.66
Coinbase,btc_eur,9115.51,1601972976.35475,9115.51,0,9117.83,0,9096.33
Coinbase,btc_usd,10725.18,1601972976.616345,10725.05,0,10725.69,0,10674.66
Coinbase,btc_usd,10725.69,1601972976.617605,10725.05,0,10725.69,0,10674.66
Coinbase,btc_eur,9115.71,1601972977.644426,9115.71,0,9117.77,0,9096.33
Coinbase,btc_usd,10725.4,1601972978.846169,10724.71,0,10725.4,0,10674.66
Coinbase,btc_eur,9114.52,1601972980.243471,9114.52,0,9117.22,0,9096.33
Coinbase,eth_usd,351.38,1601972981.341256,351.37,0,351.38,0,350.36
Coinbase,btc_eur,9117.08,1601972981.626564,9114.61,0,9117.08,0,9096.33
Coinbase,btc_usd,10724.14,1601972982.052852,10723.78,0,10724.14,0,10674.66
Coinbase,btc_usd,10724.1,1601972986.653668,10724.09,0,10724.1,0,10674.66
Coinbase,btc_usd,10723.72,1601972990.107528,10723.72,0,10723.73,0,10674.66
Coinbase,eth_eur,298.7,1601972992.800505,298.64,0,298.7,0,298.35
Coinbase,eth_eur,298.7,1601972993.083093,298.64,0,298.7,0,298.35
Coinbase,btc_usd,10723.72,1601972993.656361,10723.72,0,10723.73,0,10674.66
Coinbase,btc_eur,9116.02,1601972994.000388,9113.64,0,9116.02,0,9096.33
Coinbase,eth_usd,351.38,1601972997.321861,351.37,0,351.38,0,350.36
Coinbase,btc_usd,10723.75,1601972997.356593,10723.75,0,10723.86,0,10674.66
Coinbase,btc_eur,9114.03,1601972998.037244,9114.03,0,9115.94,0,9096.33
Coinbase,btc_usd,10723.78,1601973000.515925,10723.61,0,10723.78,0,10674.66
Coinbase,btc_usd,10723.77,1601973000.889479,10723.63,0,10723.77,0,10674.66
Coinbase,eth_eur,298.64,1601973000.903206,298.64,0,298.7,0,298.35
Coinbase,eth_eur,298.64,1601973001.185514,298.64,0,298.7,0,298.35
Coinbase,eth_eur,298.64,1601973001.62662,298.64,0,298.7,0,298.35
Coinbase,btc_eur,9116.17,1601973002.283303,9114.38,0,9116.17,0,9096.33
Coinbase,btc_usd,10723.67,1601973005.493336,10723.66,0,10723.67,0,10674.66
Coinbase,eth_eur,298.7,1601973006.114119,298.64,0,298.72,0,298.35
Coinbase,eth_eur,298.72,1601973006.114972,298.64,0,298.72,0,298.35
Coinbase,eth_usd,351.37,1601973006.241069,351.37,0,351.38,0,350.36
Coinbase,btc_usd,10723.67,1601973006.910806,10723.66,0,10723.67,0,10674.66
Coinbase,btc_usd,10723.67,1601973012.293141,10723.66,0,10723.67,0,10674.66
Coinbase,btc_usd,10723.67,1601973018.788067,10723.66,0,10723.67,0,10674.66
Coinbase,eth_usd,351.32,1601973019.008888,351.31,0,351.32,0,350.36
Coinbase,btc_eur,9114.37,1601973019.302683,9113.76,0,9116.03,0,9096.33
Coinbase,btc_eur,9113.76,1601973019.308953,9112.97,0,9116.03,0,9096.33
Coinbase,btc_eur,9112.97,1601973019.309339,9112.97,0,9116.03,0,9096.33
Coinbase,btc_usd,10723.67,1601973021.853587,10723.66,0,10723.67,0,10674.66
Coinbase,btc_usd,10723.67,1601973023.685795,10723.66,0,10723.67,0,10674.66
Coinbase,btc_usd,10723.67,1601973025.256678,10723.66,0,10723.67,0,10674.66
Coinbase,btc_usd,10723.67,1601973025.309231,10723.66,0,10723.67,0,10674.66
Coinbase,btc_usd,10723.67,1601973028.957197,10723.66,0,10723.67,0,10674.66
Coinbase,btc_usd,10723.67,1601973030.79811,10723.66,0,10723.67,0,10674.66
Coinbase,eth_eur,298.73,1601973031.595501,298.73,0,298.78,0,298.35
Coinbase,btc_eur,9116.76,1601973032.78847,9115.71,0,9116.76,0,9096.33
Coinbase,eth_usd,351.32,1601973033.189065,351.31,0,351.32,0,350.36
Coinbase,eth_usd,351.32,1601973033.189587,351.31,0,351.32,0,350.36
Coinbase,eth_usd,351.32,1601973033.189941,351.31,0,351.32,0,350.36
Coinbase,eth_usd,351.32,1601973033.31582,351.31,0,351.38,0,350.36
Coinbase,eth_usd,351.37,1601973033.409923,351.37,0,351.38,0,350.36
Coinbase,eth_eur,298.78,1601973035.608712,298.73,0,298.78,0,298.35
Coinbase,btc_usd,10723.67,1601973036.038623,10723.66,0,10723.67,0,10674.66
Coinbase,btc_eur,9116.3,1601973040.32079,9115.71,0,9116.3,0,9096.33
Coinbase,btc_usd,10723.67,1601973041.147512,10723.66,0,10723.67,0,10674.66
Coinbase,btc_usd,10723.67,1601973043.938159,10723.66,0,10723.67,0,10674.66
Coinbase,eth_usd,351.37,1601973044.072685,351.37,0,351.38,0,350.36
Coinbase,btc_usd,10723.66,1601973046.197637,10723.66,0,10723.67,0,10674.66
Coinbase,btc_usd,10723.66,1601973046.199608,10723.35,0,10723.67,0,10674.66
Coinbase,btc_usd,10723.35,1601973046.200174,10722.9,0,10723.67,0,10674.66
Coinbase,btc_usd,10722.9,1601973046.28311,10722.72,0,10723.67,0,10674.66
Coinbase,btc_usd,10722.72,1601973046.283497,10722.25,0,10723.67,0,10674.66
Coinbase,btc_usd,10722.25,1601973046.283859,10721.71,0,10723.67,0,10674.66
Coinbase,btc_usd,10721.71,1601973046.284243,10721.71,0,10723.67,0,10674.66
Coinbase,btc_usd,10722.68,1601973051.251711,10722.51,0,10722.68,0,10674.66
Coinbase,btc_usd,10722.73,1601973057.312886,10722.53,0,10722.74,0,10674.66
Coinbase,btc_usd,10722.74,1601973057.314697,10722.53,0,10722.74,0,10674.66
Coinbase,eth_eur,298.73,1601973062.556115,298.67,0,298.73,0,298.35
Coinbase,btc_usd,10722.54,1601973063.654829,10722.53,0,10722.54,0,10674.66
Coinbase,eth_usd,351.37,1601973063.721107,351.37,0,351.38,0,350.36
Coinbase,btc_usd,10722.54,1601973064.217991,10722.53,0,10722.54,0,10674.66
Coinbase,eth_eur,298.67,1601973064.494008,298.67,0,298.77,0,298.35
Coinbase,eth_usd,351.37,1601973066.923728,351.37,0,351.38,0,350.36
Coinbase,eth_usd,351.37,1601973066.924206,351.37,0,351.38,0,350.36
Coinbase,eth_usd,351.37,1601973066.928708,351.3,0,351.38,0,350.36
Coinbase,eth_usd,351.32,1601973067.008146,351.27,0,351.35,0,350.36
Coinbase,eth_usd,351.27,1601973067.008547,351.26,0,351.35,0,350.36
Coinbase,eth_usd,351.26,1601973067.008903,351.26,0,351.35,0,350.36
Coinbase,btc_eur,9115.71,1601973068.348208,9115.71,0,9115.99,0,9096.33
Coinbase,eth_usd,351.19,1601973069.940767,351.18,0,351.19,0,350.36
Coinbase,eth_usd,351.19,1601973069.942205,351.18,0,351.23,0,350.36
Coinbase,btc_usd,10722.58,1601973071.415641,10722.57,0,10722.58,0,10674.66
Coinbase,btc_usd,10722.58,1601973071.702001,10722.57,0,10722.58,0,10674.66
Coinbase,eth_usd,351.23,1601973072.487368,351.22,0,351.23,0,350.36
Coinbase,btc_usd,10722.58,1601973074.300243,10722.58,0,10723.25,0,10674.66
Coinbase,btc_usd,10722.58,1601973074.301119,10722.58,0,10723.25,0,10674.66
Coinbase,eth_eur,298.59,1601973074.559654,298.58,0,298.62,0,298.35
Coinbase,eth_eur,298.58,1601973074.560116,298.58,0,298.62,0,298.35
Coinbase,eth_eur,298.58,1601973074.56048,298.58,0,298.62,0,298.35
Coinbase,eth_eur,298.58,1601973074.561122,298.58,0,298.62,0,298.35
Coinbase,eth_eur,298.58,1601973074.642945,298.58,0,298.62,0,298.35
Coinbase,btc_eur,9116.76,1601973075.845198,9115.71,0,9116.76,0,9096.33
Coinbase,btc_eur,9116.76,1601973075.846079,9115.71,0,9116.76,0,9096.33
Coinbase,btc_eur,9115.71,1601973077.603264,9115.71,0,9116.92,0,9096.33
Coinbase,btc_eur,9115.71,1601973078.145802,9115.71,0,9116.84,0,9096.33
Coinbase,eth_usd,351.23,1601973078.680232,351.22,0,351.23,0,350.36
Coinbase,eth_eur,298.68,1601973080.910492,298.61,0,298.68,0,298.35
Coinbase,btc_usd,10723.23,1601973082.890719,10722.79,0,10723.23,0,10674.66
Coinbase,eth_usd,351.23,1601973082.949385,351.22,0,351.23,0,350.36
Coinbase,btc_eur,9116.43,1601973086.559919,9115.7,0,9116.43,0,9096.33
Coinbase,btc_usd,10723.19,1601973088.298996,10723.18,0,10723.19,0,10674.66
Coinbase,btc_usd,10723.18,1601973089.79748,10723.18,0,10723.19,0,10674.66
Coinbase,eth_usd,351.23,1601973089.818404,351.22,0,351.23,0,350.36
Coinbase,btc_usd,10723.18,1601973089.922286,10723.18,0,10723.19,0,10674.66
Coinbase,btc_usd,10723.18,1601973091.04461,10723.18,0,10723.19,0,10674.66
Coinbase,btc_eur,9115.73,1601973092.605,9115.7,0,9115.73,0,9096.33
Coinbase,btc_usd,10723.19,1601973092.703409,10723.18,0,10723.19,0,10674.66
Coinbase,eth_eur,298.68,1601973093.843611,298.61,0,298.68,0,298.35
Coinbase,btc_usd,10723.19,1601973094.970204,10723.18,0,10723.19,0,10674.66
Coinbase,btc_eur,9115.7,1601973095.489715,9115.7,0,9115.73,0,9096.33
Coinbase,eth_usd,351.23,1601973097.895798,351.22,0,351.23,0,350.36
Coinbase,btc_eur,9115.73,1601973098.015292,9115.7,0,9115.73,0,9096.33
Coinbase,eth_usd,351.23,1601973098.626616,351.22,0,351.23,0,350.36
Coinbase,btc_eur,9115.73,1601973099.495345,9115.7,0,9115.73,0,9096.33
Coinbase,btc_usd,10723.18,1601973100.318812,10723.18,0,10723.19,0,10674.66
Coinbase,btc_usd,10723.18,1601973101.916943,10723.18,0,10723.19,0,10674.66
Coinbase,eth_usd,351.23,1601973102.903607,351.22,0,351.23,0,350.36
Coinbase,eth_usd,351.23,1601973103.631573,351.22,0,351.23,0,350.36
Coinbase,eth_usd,351.23,1601973104.044928,351.22,0,351.23,0,350.36
Coinbase,eth_usd,351.23,1601973104.162377,351.22,0,351.23,0,350.36
Coinbase,eth_usd,351.23,1601973104.163972,351.22,0,351.38,0,350.36
Coinbase,eth_usd,351.37,1601973104.361185,351.37,0,351.38,0,350.36
Coinbase,btc_eur,9115.7,1601973107.543426,9115.7,0,9116.36,0,9096.33
Coinbase,eth_eur,298.68,1601973112.793499,298.66,0,298.68,0,298.35
Coinbase,eth_eur,298.68,1601973116.816482,298.67,0,298.68,0,298.35
Coinbase,btc_usd,10723.18,1601973120.750702,10723.18,0,10723.19,0,10674.66
Coinbase,btc_usd,10723.19,1601973125.151806,10723.18,0,10723.19,0,10674.66
Coinbase,btc_usd,10723.19,1601973125.173709,10723.18,0,10723.19,0,10674.66
Coinbase,btc_usd,10723.19,1601973125.706839,10723.18,0,10723.19,0,10674.66
Coinbase,eth_eur,298.68,1601973126.999366,298.67,0,298.68,0,298.35
Coinbase,btc_usd,10723.19,1601973127.900913,10723.18,0,10723.19,0,10674.66
Coinbase,eth_usd,351.38,1601973128.991571,351.37,0,351.38,0,350.36
Coinbase,eth_usd,351.38,1601973128.996185,351.37,0,351.38,0,350.36
Coinbase,btc_eur,9116.36,1601973129.373021,9115.7,0,9116.42,0,9096.33
Coinbase,btc_eur,9116.42,1601973129.373765,9115.7,0,9116.42,0,9096.33
Coinbase,btc_eur,9116.42,1601973129.375027,9115.7,0,9116.42,0,9096.33
Coinbase,btc_eur,9116.42,1601973129.457989,9115.7,0,9116.43,0,9096.33
Coinbase,btc_eur,9116.43,1601973129.458368,9115.7,0,9116.43,0,9096.33
Coinbase,btc_usd,10723.19,1601973129.607778,10723.18,0,10723.19,0,10674.66
Coinbase,btc_usd,10723.19,1601973129.610226,10723.18,0,10723.19,0,10674.66
Coinbase,btc_usd,10723.19,1601973129.610595,10723.18,0,10723.19,0,10674.66
Coinbase,btc_usd,10723.19,1601973129.612277,10723.18,0,10723.19,0,10674.66
Coinbase,btc_usd,10723.19,1601973129.614187,10723.18,0,10723.19,0,10674.66
Coinbase,btc_usd,10723.19,1601973129.614594,10723.18,0,10723.19,0,10674.66
Coinbase,btc_usd,10723.19,1601973129.61526,10723.18,0,10723.19,0,10674.66
Coinbase,btc_usd,10723.19,1601973129.694938,10723.18,0,10723.19,0,10674.66
Coinbase,btc_usd,10723.19,1601973129.695346,10723.18,0,10723.19,0,10674.66
Coinbase,btc_usd,10723.19,1601973129.695701,10723.18,0,10723.78,0,10674.66
Coinbase,btc_usd,10723.78,1601973129.696053,10723.18,0,10724.03,0,10674.66
Coinbase,btc_usd,10724.03,1601973129.696843,10723.18,0,10725.67,0,10674.66
Coinbase,btc_usd,10725.67,1601973129.842976,10725.66,0,10725.95,0,10674.66
Coinbase,btc_usd,10725.95,1601973129.843431,10725.66,0,10725.96,0,10674.66
Coinbase,btc_usd,10725.96,1601973129.843786,10725.66,0,10726.05,0,10674.66
Coinbase,btc_usd,10726.05,1601973129.849243,10725.66,0,10726.21,0,10674.66
Coinbase,btc_usd,10726.21,1601973129.849747,10725.66,0,10728.02,0,10674.66
Coinbase,btc_usd,10728.02,1601973129.850103,10725.66,0,10728.72,0,10674.66
Coinbase,btc_usd,10728.72,1601973129.850491,10725.66,0,10728.72,0,10674.66
Coinbase,btc_usd,10725.67,1601973129.8589,10725.67,0,10728.91,0,10674.66
Coinbase,btc_eur,9117.2,1601973129.862326,9117.07,0,9117.51,0,9096.33
Coinbase,btc_eur,9117.51,1601973129.86305,9117.07,0,9117.51,0,9096.33
Coinbase,btc_usd,10728.82,1601973130.093687,10728.71,0,10728.82,0,10674.66
Coinbase,eth_usd,351.38,1601973130.124217,351.37,0,351.38,0,350.36
Coinbase,eth_usd,351.38,1601973130.128158,351.37,0,351.38,0,350.36
Coinbase,eth_usd,351.38,1601973130.993611,351.37,0,351.38,0,350.36
Coinbase,eth_usd,351.38,1601973131.068117,351.37,0,351.38,0,350.36
Coinbase,eth_usd,351.38,1601973131.069908,351.37,0,351.38,0,350.36
Coinbase,eth_usd,351.38,1601973131.080976,351.37,0,351.54,0,350.36
Coinbase,btc_usd,10728.18,1601973131.235518,10727.31,0,10728.18,0,10674.66
Coinbase,eth_usd,351.54,1601973131.627623,351.54,0,351.55,0,350.36
Coinbase,eth_eur,298.68,1601973131.729931,298.68,0,298.69,0,298.35
Coinbase,eth_usd,351.54,1601973131.903229,351.54,0,351.55,0,350.36
Coinbase,btc_usd,10728.7,1601973131.980024,10727.31,0,10728.7,0,10674.66
Coinbase,eth_usd,351.54,1601973132.216447,351.54,0,351.55,0,350.36
Coinbase,eth_usd,351.54,1601973132.445939,351.54,0,351.55,0,350.36
Coinbase,eth_eur,298.72,1601973132.581908,298.72,0,298.82,0,298.35
Coinbase,btc_eur,9117.93,1601973135.752765,9117.93,0,9117.95,0,9096.33
Coinbase,btc_usd,10729.03,1601973137.473126,10728.08,0,10729.03,0,10674.66
Coinbase,btc_eur,9117.93,1601973137.778073,9117.93,0,9117.95,0,9096.33
Coinbase,eth_usd,351.55,1601973138.145082,351.54,0,351.55,0,350.36
Coinbase,eth_usd,351.55,1601973138.147296,351.54,0,351.55,0,350.36
Coinbase,eth_usd,351.55,1601973138.147686,351.54,0,351.55,0,350.36
Coinbase,eth_eur,298.82,1601973140.141192,298.75,0,298.82,0,298.35
Coinbase,btc_usd,10727.93,1601973141.765594,10727.93,0,10729.26,0,10674.66
Coinbase,eth_usd,351.54,1601973143.444994,351.54,0,351.55,0,350.36
Coinbase,btc_usd,10729.57,1601973146.943951,10728.83,0,10729.57,0,10674.66
Coinbase,btc_usd,10729.6,1601973147.590232,10728.93,0,10730.19,0,10674.66
Coinbase,btc_eur,9117.95,1601973148.716466,9117.77,0,9117.95,0,9096.33
Coinbase,btc_eur,9117.95,1601973150.029054,9117.77,0,9118.0,0,9096.33
Coinbase,btc_eur,9118.0,1601973150.029641,9117.77,0,9118.0,0,9096.33
Coinbase,btc_eur,9118.0,1601973150.030322,9117.77,0,9119.0,0,9096.33
Coinbase,btc_eur,9119.0,1601973150.111367,9117.77,0,9119.11,0,9096.33
Coinbase,btc_eur,9119.11,1601973150.111869,9117.77,0,9119.22,0,9096.33
Coinbase,btc_eur,9119.22,1601973150.113362,9117.77,0,9119.22,0,9096.33
Coinbase,btc_eur,9119.6,1601973152.879994,9118.66,0,9119.6,0,9096.33
Coinbase,eth_usd,351.54,1601973153.801292,351.54,0,351.55,0,350.36
Coinbase,eth_usd,351.54,1601973153.802182,351.54,0,351.55,0,350.36
Coinbase,eth_usd,351.54,1601973153.803453,351.45,0,351.55,0,350.36
Coinbase,eth_eur,298.76,1601973153.990374,298.76,0,298.82,0,298.35
Coinbase,eth_eur,298.76,1601973153.990916,298.76,0,298.82,0,298.35
Coinbase,eth_eur,298.76,1601973154.028402,298.67,0,298.81,0,298.35
Coinbase,btc_usd,10730.13,1601973154.138314,10730.12,0,10730.13,0,10674.66
Coinbase,eth_usd,351.44,1601973155.126395,351.4,0,351.45,0,350.36
Coinbase,eth_usd,351.45,1601973155.13177,351.4,0,351.45,0,350.36
Coinbase,eth_usd,351.45,1601973155.132251,351.4,0,351.45,0,350.36
Coinbase,eth_usd,351.51,1601973155.21022,351.47,0,351.51,0,350.36
Coinbase,eth_usd,351.55,1601973155.247425,351.49,0,351.55,0,350.36
Coinbase,btc_usd,10728.32,1601973155.296145,10728.32,0,10729.42,0,10674.66
Coinbase,eth_usd,351.55,1601973155.642913,351.54,0,351.55,0,350.36
Coinbase,eth_usd,351.55,1601973155.953463,351.54,0,351.55,0,350.36
Coinbase,eth_usd,351.55,1601973155.974615,351.54,0,351.55,0,350.36
Coinbase,eth_usd,351.55,1601973156.078305,351.54,0,351.55,0,350.36
Coinbase,eth_usd,351.55,1601973156.122891,351.54,0,351.55,0,350.36
Coinbase,eth_usd,351.55,1601973156.127008,351.54,0,351.55,0,350.36
Coinbase,eth_usd,351.55,1601973156.141069,351.54,0,351.55,0,350.36
Coinbase,eth_usd,351.55,1601973156.161383,351.54,0,351.55,0,350.36
Coinbase,eth_usd,351.55,1601973156.161754,351.54,0,351.55,0,350.36
Coinbase,eth_usd,351.55,1601973156.207738,351.54,0,351.55,0,350.36
Coinbase,eth_usd,351.55,1601973156.208145,351.54,0,351.55,0,350.36
Coinbase,eth_usd,351.55,1601973156.214248,351.54,0,351.55,0,350.36
Coinbase,eth_usd,351.55,1601973156.266257,351.54,0,351.55,0,350.36
Coinbase,eth_usd,351.55,1601973156.48568,351.54,0,351.55,0,350.36
Coinbase,btc_eur,9117.59,1601973157.72696,9117.59,0,9119.58,0,9096.33
Coinbase,btc_eur,9117.59,1601973158.232495,9117.59,0,9119.56,0,9096.33
Coinbase,eth_usd,351.55,1601973158.356685,351.54,0,351.55,0,350.36
Coinbase,eth_usd,351.55,1601973159.26657,351.54,0,351.55,0,350.36
Coinbase,eth_usd,351.55,1601973159.449236,351.54,0,351.55,0,350.36
Coinbase,eth_usd,351.55,1601973159.820576,351.54,0,351.55,0,350.36
Coinbase,eth_usd,351.55,1601973160.200773,351.54,0,351.55,0,350.36
Coinbase,eth_usd,351.55,1601973161.299617,351.54,0,351.55,0,350.36
Coinbase,eth_usd,351.55,1601973161.508579,351.54,0,351.55,0,350.36
Coinbase,eth_usd,351.55,1601973161.807306,351.54,0,351.55,0,350.36
Coinbase,eth_usd,351.55,1601973161.890129,351.54,0,351.81,0,350.36
Coinbase,eth_usd,351.81,1601973164.248129,351.78,0,351.81,0,350.36
Coinbase,btc_eur,9119.6,1601973165.338071,9118.8,0,9119.6,0,9096.33
Coinbase,btc_eur,9119.6,1601973165.342353,9118.8,0,9119.61,0,9096.33
Coinbase,btc_eur,9119.61,1601973165.342741,9118.8,0,9119.61,0,9096.33
Coinbase,btc_eur,9119.61,1601973166.328264,9118.82,0,9119.61,0,9096.33
Coinbase,btc_usd,10730.14,1601973166.452295,10730.13,0,10730.76,0,10674.66
Coinbase,btc_usd,10730.76,1601973166.454882,10730.13,0,10730.76,0,10674.66
Coinbase,eth_eur,298.9,1601973167.112032,298.89,0,298.9,0,298.35
Coinbase,btc_usd,10730.74,1601973167.678772,10730.74,0,10730.75,0,10674.66
Coinbase,btc_eur,9119.61,1601973168.569827,9118.82,0,9119.61,0,9096.33
Coinbase,btc_usd,10730.18,1601973171.967796,10729.93,0,10730.18,0,10674.66
Coinbase,btc_eur,9119.84,1601973172.114729,9118.08,0,9119.84,0,9096.33
Coinbase,eth_usd,351.79,1601973175.298159,351.78,0,351.79,0,350.36
Coinbase,btc_usd,10730.59,1601973176.705802,10730.58,0,10730.75,0,10674.66
Coinbase,btc_usd,10730.58,1601973176.70641,10730.58,0,10730.75,0,10674.66
Coinbase,btc_usd,10730.75,1601973180.515775,10730.64,0,10730.75,0,10674.66
Coinbase,eth_usd,351.77,1601973181.022634,351.76,0,351.77,0,350.36
Coinbase,btc_usd,10730.75,1601973182.701141,10730.66,0,10730.75,0,10674.66
Coinbase,btc_usd,10730.92,1601973186.910692,10730.59,0,10730.92,0,10674.66
Coinbase,eth_usd,351.79,1601973188.844615,351.78,0,351.79,0,350.36
Coinbase,btc_usd,10730.92,1601973189.723275,10730.61,0,10730.92,0,10674.66
Coinbase,btc_eur,9120.0,1601973195.996104,9119.88,0,9120.0,0,9096.33
Coinbase,btc_eur,9120.0,1601973195.997086,9119.88,0,9121.0,0,9096.33
Coinbase,btc_eur,9121.0,1601973195.997486,9119.88,0,9121.0,0,9096.33
Coinbase,btc_eur,9121.0,1601973196.080068,9119.88,0,9121.0,0,9096.33
Coinbase,btc_eur,9121.0,1601973196.080537,9119.88,0,9121.02,0,9096.33
Coinbase,btc_eur,9121.02,1601973196.081191,9119.88,0,9121.02,0,9096.33
Coinbase,eth_usd,351.78,1601973198.414955,351.78,0,351.79,0,350.36
Coinbase,eth_eur,298.9,1601973198.767244,298.89,0,298.97,0,298.35
Coinbase,btc_eur,9121.02,1601973200.404675,9119.9,0,9121.03,0,9096.33
Coinbase,btc_eur,9121.03,1601973200.405232,9119.9,0,9121.03,0,9096.33
Coinbase,eth_usd,351.79,1601973202.101924,351.78,0,351.79,0,350.36
Coinbase,btc_usd,10731.39,1601973202.582521,10731.18,0,10731.39,0,10674.66
Coinbase,btc_usd,10731.39,1601973202.818722,10731.18,0,10731.39,0,10674.66
Coinbase,btc_usd,10731.19,1601973203.981129,10731.18,0,10731.19,0,10674.66
Coinbase,btc_eur,9121.03,1601973205.174444,9119.92,0,9121.03,0,9096.33
Coinbase,btc_usd,10731.62,1601973211.068956,10731.61,0,10731.62,0,10674.66
Coinbase,eth_eur,298.97,1601973215.821122,298.95,0,298.97,0,298.35
Coinbase,btc_usd,10731.61,1601973220.406068,10731.61,0,10731.62,0,10674.66
Coinbase,eth_usd,351.79,1601973221.477458,351.78,0,351.79,0,350.36
Coinbase,btc_eur,9121.98,1601973223.28303,9120.1,0,9122.0,0,9096.33
Coinbase,btc_eur,9122.0,1601973223.287068,9120.1,0,9122.0,0,9096.33
Coinbase,btc_eur,9122.0,1601973223.287475,9120.1,0,9122.44,0,9096.33
Coinbase,btc_eur,9122.44,1601973223.370902,9120.1,0,9122.45,0,9096.33
Coinbase,btc_eur,9122.45,1601973223.371331,9120.1,0,9122.46,0,9096.33
Coinbase,btc_eur,9122.46,1601973223.371698,9120.1,0,9122.78,0,9096.33
Coinbase,btc_eur,9122.78,1601973223.372058,9120.1,0,9122.78,0,9096.33
Coinbase,eth_usd,351.79,1601973225.933476,351.78,0,351.79,0,350.36
Coinbase,btc_eur,9120.96,1601973228.349749,9120.96,0,9123.0,0,9096.33
Coinbase,btc_usd,10731.62,1601973229.7929,10731.61,0,10731.62,0,10674.66
Coinbase,btc_usd,10731.62,1601973231.406536,10731.61,0,10731.62,0,10674.66
Coinbase,btc_eur,9122.2,1601973232.319327,9120.96,0,9122.2,0,9096.33
Coinbase,btc_usd,10731.13,1601973236.637924,10731.12,0,10731.13,0,10674.66
Coinbase,eth_usd,351.79,1601973240.545806,351.78,0,351.79,0,350.36
Coinbase,btc_eur,9121.35,1601973241.574313,9120.01,0,9121.35,0,9096.33
Coinbase,btc_usd,10731.13,1601973241.701791,10731.12,0,10731.13,0,10674.66
Coinbase,btc_usd,10731.13,1601973247.044207,10731.12,0,10731.13,0,10674.66
Coinbase,btc_eur,9121.45,1601973247.47615,9120.15,0,9121.45,0,9096.33
Coinbase,btc_eur,9121.45,1601973250.44795,9120.01,0,9121.45,0,9096.33
Coinbase,btc_usd,10731.12,1601973251.20502,10730.44,0,10731.13,0,10674.66
Coinbase,btc_usd,10730.44,1601973251.206748,10730.44,0,10731.13,0,10674.66
Coinbase,btc_usd,10729.82,1601973251.820023,10729.82,0,10729.83,0,10674.66
Coinbase,btc_eur,9121.44,1601973253.41806,9120.02,0,9121.44,0,9096.33
Coinbase,btc_usd,10729.97,1601973254.795845,10729.91,0,10729.97,0,10674.66
Coinbase,eth_usd,351.79,1601973255.431698,351.78,0,351.79,0,350.36
Coinbase,eth_usd,351.79,1601973257.469602,351.78,0,351.79,0,350.36
Coinbase,eth_eur,298.97,1601973258.167365,298.96,0,298.97,0,298.35
Coinbase,eth_usd,351.79,1601973263.221549,351.78,0,351.79,0,350.36
Coinbase,btc_eur,9122.02,1601973263.685364,9120.44,0,9122.02,0,9096.33
Coinbase,eth_usd,351.78,1601973263.887867,351.78,0,351.79,0,350.36
Coinbase,btc_usd,10730.7,1601973263.968195,10730.69,0,10730.7,0,10674.66
Coinbase,btc_eur,9121.48,1601973264.954868,9119.91,0,9121.49,0,9096.33
Coinbase,btc_eur,9121.49,1601973264.955436,9119.91,0,9121.61,0,9096.33
Coinbase,btc_eur,9121.61,1601973264.956097,9119.91,0,9121.71,0,9096.33
Coinbase,btc_eur,9121.71,1601973265.038247,9119.91,0,9121.71,0,9096.33
Coinbase,eth_eur,298.96,1601973265.382957,298.96,0,298.97,0,298.35
Coinbase,btc_eur,9119.95,1601973267.119063,9119.95,0,9121.48,0,9096.33
Coinbase,eth_eur,298.96,1601973272.74455,298.96,0,298.97,0,298.35
Coinbase,eth_eur,298.96,1601973272.745128,298.96,0,298.97,0,298.35
Coinbase,btc_eur,9120.68,1601973279.170492,9119.84,0,9120.68,0,9096.33
Coinbase,btc_eur,9120.68,1601973279.171051,9119.84,0,9120.69,0,9096.33
Coinbase,btc_eur,9120.69,1601973279.172308,9119.84,0,9120.69,0,9096.33
Coinbase,btc_eur,9119.84,1601973280.120682,9119.84,0,9120.69,0,9096.33
Coinbase,eth_usd,351.79,1601973281.617845,351.78,0,351.79,0,350.36
Coinbase,eth_eur,298.95,1601973281.759637,298.94,0,298.96,0,298.35
Coinbase,eth_eur,298.94,1601973281.760513,298.94,0,298.96,0,298.35
Coinbase,eth_eur,298.94,1601973281.760879,298.94,0,298.96,0,298.35
Coinbase,btc_eur,9119.84,1601973283.817294,9119.84,0,9120.68,0,9096.33
Coinbase,btc_usd,10728.89,1601973284.138803,10728.88,0,10728.89,0,10674.66
Coinbase,eth_usd,351.79,1601973286.393878,351.78,0,351.79,0,350.36
Coinbase,eth_usd,351.78,1601973288.295764,351.78,0,351.79,0,350.36
Coinbase,btc_usd,10728.89,1601973289.093781,10728.88,0,10728.89,0,10674.66
Coinbase,btc_usd,10728.89,1601973289.711453,10728.88,0,10728.89,0,10674.66
Coinbase,btc_usd,10728.89,1601973290.524116,10728.88,0,10728.89,0,10674.66
Coinbase,btc_eur,9121.65,1601973290.749498,9120.61,0,9121.66,0,9096.33
Coinbase,btc_eur,9121.66,1601973290.751963,9120.61,0,9121.66,0,9096.33
Coinbase,btc_usd,10728.89,1601973293.688721,10728.88,0,10728.89,0,10674.66
Coinbase,eth_usd,351.78,1601973293.901443,351.78,0,351.79,0,350.36
Coinbase,btc_usd,10728.88,1601973294.786797,10728.88,0,10728.89,0,10674.66
Coinbase,btc_usd,10728.88,1601973294.788608,10728.88,0,10728.89,0,10674.66
Coinbase,btc_usd,10728.89,1601973294.843121,10728.88,0,10728.89,0,10674.66
Coinbase,btc_usd,10728.89,1601973294.872786,10728.88,0,10728.89,0,10674.66
Coinbase,btc_usd,10728.89,1601973294.873197,10728.88,0,10728.89,0,10674.66
Coinbase,btc_usd,10728.89,1601973294.873584,10728.88,0,10728.89,0,10674.66
Coinbase,btc_eur,9122.16,1601973298.692872,9120.35,0,9122.16,0,9096.33
Coinbase,btc_eur,9122.16,1601973298.693417,9120.35,0,9122.16,0,9096.33
Coinbase,btc_usd,10728.89,1601973300.525822,10728.88,0,10728.89,0,10674.66
Coinbase,btc_eur,9121.02,1601973301.158338,9121.02,0,9122.98,0,9096.33
Coinbase,eth_usd,351.79,1601973302.391875,351.78,0,351.79,0,350.36
Coinbase,btc_usd,10728.89,1601973309.053937,10728.88,0,10728.89,0,10674.66
Coinbase,btc_usd,10728.89,1601973309.05451,10728.88,0,10728.89,0,10674.66
Coinbase,btc_eur,9122.72,1601973310.344906,9121.06,0,9122.72,0,9096.33
Coinbase,btc_usd,10728.88,1601973311.110608,10728.88,0,10728.89,0,10674.66
Coinbase,btc_eur,9122.72,1601973311.121864,9121.06,0,9122.73,0,9096.33
Coinbase,btc_eur,9122.73,1601973311.123572,9121.06,0,9123.0,0,9096.33
Coinbase,btc_eur,9123.0,1601973311.194719,9121.06,0,9123.0,0,9096.33
Coinbase,btc_eur,9123.0,1601973311.195093,9121.06,0,9123.0,0,9096.33
Coinbase,btc_eur,9123.0,1601973311.207499,9121.06,0,9123.11,0,9096.33
Coinbase,btc_eur,9123.11,1601973311.207904,9121.06,0,9123.13,0,9096.33
Coinbase,btc_eur,9123.13,1601973311.2095,9121.06,0,9123.13,0,9096.33
Coinbase,eth_usd,351.78,1601973317.124501,351.78,0,351.79,0,350.36
Coinbase,eth_usd,351.78,1601973317.656459,351.78,0,351.79,0,350.36
Coinbase,eth_usd,351.78,1601973317.656941,351.78,0,351.79,0,350.36
Coinbase,eth_usd,351.78,1601973317.657295,351.78,0,351.79,0,350.36
Coinbase,eth_usd,351.78,1601973318.058253,351.78,0,351.79,0,350.36
Coinbase,eth_usd,351.78,1601973318.0606,351.78,0,351.79,0,350.36
Coinbase,eth_eur,298.89,1601973318.338421,298.86,0,298.94,0,298.35
Coinbase,eth_eur,298.86,1601973318.339129,298.86,0,298.94,0,298.35
Coinbase,btc_usd,10728.59,1601973323.178073,10728.58,0,10728.59,0,10674.66
Coinbase,eth_usd,351.65,1601973324.014796,351.64,0,351.65,0,350.36
Coinbase,btc_eur,9120.97,1601973324.02281,9119.84,0,9120.97,0,9096.33
Coinbase,btc_eur,9120.97,1601973324.541071,9119.84,0,9120.97,0,9096.33
Coinbase,eth_usd,351.64,1601973324.885382,351.64,0,351.65,0,350.36
Coinbase,btc_eur,9119.89,1601973328.028042,9119.89,0,9121.22,0,9096.33
Coinbase,btc_eur,9121.22,1601973329.725955,9119.89,0,9121.22,0,9096.33
Coinbase,eth_eur,298.93,1601973330.182539,298.86,0,298.93,0,298.35
Coinbase,eth_eur,298.93,1601973330.183316,298.86,0,298.93,0,298.35
Coinbase,btc_usd,10728.59,1601973332.517394,10728.58,0,10728.59,0,10674.66
Coinbase,btc_usd,10728.59,1601973332.820593,10728.58,0,10728.59,0,10674.66
Coinbase,btc_usd,10728.59,1601973334.62008,10728.58,0,10728.59,0,10674.66
Coinbase,eth_usd,351.64,1601973336.517469,351.64,0,351.65,0,350.36
Coinbase,eth_usd,351.64,1601973336.518274,351.64,0,351.65,0,350.36
Coinbase,eth_usd,351.64,1601973336.518919,351.64,0,351.65,0,350.36
Coinbase,eth_usd,351.64,1601973336.602285,351.64,0,351.65,0,350.36
Coinbase,eth_usd,351.64,1601973336.602827,351.57,0,351.65,0,350.36
Coinbase,eth_usd,351.58,1601973336.603187,351.55,0,351.64,0,350.36
Coinbase,eth_usd,351.55,1601973336.603544,351.54,0,351.64,0,350.36
Coinbase,eth_usd,351.54,1601973336.604399,351.5,0,351.64,0,350.36
Coinbase,btc_usd,10728.59,1601973336.60479,10728.58,0,10728.59,0,10674.66
Coinbase,eth_usd,351.5,1601973336.605155,351.5,0,351.57,0,350.36
Coinbase,eth_usd,351.5,1601973336.685546,351.5,0,351.57,0,350.36
Coinbase,eth_usd,351.52,1601973336.685973,351.49,0,351.53,0,350.36
Coinbase,btc_eur,9119.84,1601973338.102873,9119.84,0,9121.22,0,9096.33
Coinbase,eth_eur,298.76,1601973338.601414,298.76,0,298.79,0,298.35
Coinbase,eth_eur,298.76,1601973338.601938,298.76,0,298.79,0,298.35
Coinbase,btc_eur,9121.22,1601973342.660588,9119.85,0,9121.22,0,9096.33
Coinbase,btc_usd,10728.54,1601973344.66304,10728.54,0,10728.59,0,10674.66
Coinbase,btc_usd,10728.58,1601973345.214678,10728.58,0,10728.59,0,10674.66
Coinbase,eth_eur,298.76,1601973346.164236,298.76,0,298.85,0,298.35
Coinbase,eth_eur,298.76,1601973346.165011,298.76,0,298.85,0,298.35
Coinbase,btc_usd,10728.59,1601973347.907059,10728.58,0,10728.59,0,10674.66
Coinbase,btc_usd,10728.59,1601973350.413933,10728.58,0,10729.1,0,10674.66
Coinbase,btc_usd,10729.1,1601973350.416573,10728.58,0,10729.1,0,10674.66
Coinbase,btc_usd,10729.83,1601973351.219085,10729.64,0,10729.83,0,10674.66
Coinbase,btc_eur,9119.85,1601973351.956864,9119.85,0,9120.53,0,9096.33
Coinbase,eth_usd,351.48,1601973352.966348,351.47,0,351.48,0,350.36
Coinbase,eth_usd,351.48,1601973352.966899,351.47,0,351.48,0,350.36
Coinbase,eth_usd,351.48,1601973352.967817,351.47,0,351.52,0,350.36
Coinbase,eth_usd,351.48,1601973353.07846,351.47,0,351.48,0,350.36
Coinbase,eth_usd,351.48,1601973354.620334,351.47,0,351.48,0,350.36
Coinbase,eth_usd,351.47,1601973355.137242,351.47,0,351.48,0,350.36
Coinbase,btc_eur,9120.54,1601973359.18465,9119.85,0,9120.54,0,9096.33
Coinbase,btc_usd,10729.8,1601973360.519609,10729.68,0,10729.8,0,10674.66
Coinbase,btc_usd,10729.68,1601973360.56673,10729.67,0,10729.8,0,10674.66
Coinbase,btc_usd,10729.67,1601973360.567116,10729.67,0,10729.8,0,10674.66
Coinbase,eth_eur,298.84,1601973361.909813,298.76,0,298.84,0,298.35
Coinbase,btc_usd,10728.72,1601973363.423276,10728.68,0,10728.72,0,10674.66
Coinbase,btc_usd,10728.68,1601973363.731144,10728.68,0,10728.72,0,10674.66
Coinbase,eth_usd,351.48,1601973365.896375,351.47,0,351.48,0,350.36
Coinbase,btc_usd,10729.77,1601973366.51137,10728.75,0,10729.77,0,10674.66
Coinbase,eth_usd,351.48,1601973369.101326,351.47,0,351.48,0,350.36
Coinbase,btc_eur,9119.84,1601973375.740658,9119.84,0,9120.52,0,9096.33
Coinbase,eth_usd,351.48,1601973376.047017,351.47,0,351.48,0,350.36
Coinbase,eth_usd,351.48,1601973376.049349,351.47,0,351.52,0,350.36
Coinbase,eth_usd,351.48,1601973376.188043,351.47,0,351.52,0,350.36
Coinbase,eth_usd,351.52,1601973378.927129,351.51,0,351.52,0,350.36
Coinbase,eth_usd,351.52,1601973379.051728,351.51,0,351.52,0,350.36
Coinbase,eth_usd,351.52,1601973379.136132,351.51,0,351.52,0,350.36
Coinbase,eth_usd,351.52,1601973379.136511,351.51,0,351.52,0,350.36
Coinbase,eth_usd,351.52,1601973379.136874,351.51,0,351.69,0,350.36
Coinbase,btc_usd,10730.42,1601973383.032981,10730.41,0,10730.42,0,10674.66
Coinbase,btc_usd,10730.41,1601973387.133737,10730.41,0,10730.42,0,10674.66
Coinbase,btc_eur,9120.61,1601973389.277462,9119.85,0,9122.24,0,9096.33
Coinbase,btc_eur,9119.85,1601973389.278015,9119.85,0,9122.24,0,9096.33
Coinbase,btc_eur,9121.7,1601973391.220533,9119.9,0,9121.7,0,9096.33
Coinbase,btc_eur,9122.2,1601973392.15145,9119.9,0,9122.2,0,9096.33
Coinbase,eth_eur,298.83,1601973392.466546,298.83,0,298.86,0,298.35
Coinbase,btc_usd,10730.42,1601973392.582746,10729.84,0,10730.99,0,10674.66
Coinbase,btc_usd,10730.99,1601973392.583226,10729.84,0,10730.99,0,10674.66
Coinbase,btc_usd,10731.02,1601973393.136014,10730.4,0,10731.02,0,10674.66
Coinbase,eth_usd,351.69,1601973397.983117,351.68,0,351.69,0,350.36
Coinbase,eth_usd,351.69,1601973397.983707,351.68,0,351.69,0,350.36
Coinbase,eth_usd,351.69,1601973398.066845,351.68,0,351.69,0,350.36
Coinbase,eth_usd,351.69,1601973398.067375,351.68,0,351.69,0,350.36
Coinbase,btc_eur,9120.15,1601973408.455321,9120.15,0,9121.86,0,9096.33
Coinbase,btc_eur,9122.06,1601973410.084166,9120.22,0,9122.06,0,9096.33
Coinbase,btc_usd,10729.91,1601973410.405529,10729.64,0,10729.91,0,10674.66
Coinbase,btc_usd,10730.16,1601973414.265375,10729.66,0,10730.16,0,10674.66
Coinbase,btc_eur,9121.15,1601973417.906769,9119.84,0,9121.15,0,9096.33
Coinbase,eth_eur,298.86,1601973423.95036,298.85,0,298.86,0,298.35
Coinbase,btc_usd,10729.05,1601973425.548152,10728.93,0,10729.05,0,10674.66
Coinbase,btc_usd,10729.06,1601973425.827546,10728.93,0,10729.06,0,10674.66
Coinbase,btc_usd,10729.06,1601973426.084357,10728.93,0,10729.06,0,10674.66
Coinbase,btc_eur,9120.61,1601973426.845894,9119.84,0,9120.61,0,9096.33
Coinbase,btc_eur,9119.84,1601973428.878193,9119.84,0,9121.15,0,9096.33
Coinbase,eth_eur,298.86,1601973438.8544,298.85,0,298.86,0,298.35
Coinbase,btc_usd,10729.15,1601973440.465559,10727.71,0,10729.15,0,10674.66
Coinbase,btc_usd,10729.54,1601973441.01755,10728.95,0,10729.54,0,10674.66
Coinbase,btc_usd,10729.93,1601973442.431577,10729.02,0,10729.93,0,10674.66
Coinbase,eth_eur,298.93,1601973442.758711,298.86,0,298.93,0,298.35
Coinbase,eth_usd,351.69,1601973442.985283,351.68,0,351.69,0,350.36
Coinbase,btc_eur,9120.6,1601973448.648827,9119.84,0,9120.6,0,9096.33
Coinbase,btc_eur,9120.61,1601973450.891267,9119.84,0,9120.61,0,9096.33
Coinbase,btc_usd,10729.28,1601973452.692791,10728.5,0,10729.28,0,10674.66
Coinbase,btc_eur,9119.84,1601973454.281338,9119.84,0,9121.08,0,9096.33
Coinbase,btc_usd,10728.9,1601973458.593696,10728.89,0,10729.72,0,10674.66
Coinbase,btc_usd,10728.89,1601973458.597289,10728.89,0,10729.72,0,10674.66
Coinbase,btc_eur,9120.96,1601973458.847479,9119.84,0,9120.96,0,9096.33
Coinbase,btc_usd,10729.18,1601973459.085442,10728.46,0,10729.18,0,10674.66
Coinbase,eth_usd,351.68,1601973463.552769,351.68,0,351.69,0,350.36
Coinbase,eth_usd,351.69,1601973464.407469,351.68,0,351.69,0,350.36
Coinbase,btc_eur,9121.55,1601973467.600075,9120.27,0,9121.55,0,9096.33
Coinbase,btc_eur,9121.88,1601973472.553815,9120.27,0,9121.88,0,9096.33
Coinbase,btc_eur,9119.84,1601973478.317912,9119.84,0,9121.22,0,9096.33
Coinbase,eth_eur,298.92,1601973486.685948,298.89,0,298.92,0,298.35
Coinbase,btc_usd,10730.1,1601973487.388417,10730.09,0,10730.1,0,10674.66
Coinbase,eth_usd,351.69,1601973487.99211,351.68,0,351.69,0,350.36
Coinbase,btc_eur,9119.84,1601973488.432824,9119.84,0,9121.11,0,9096.33
Coinbase,btc_usd,10730.1,1601973489.638565,10730.09,0,10730.1,0,10674.66
Coinbase,btc_eur,9122.19,1601973494.894569,9120.2,0,9122.19,0,9096.33
Coinbase,btc_eur,9122.19,1601973494.897125,9120.2,0,9122.19,0,9096.33
Coinbase,btc_eur,9122.19,1601973494.898801,9120.2,0,9122.19,0,9096.33
Coinbase,btc_eur,9122.19,1601973494.979511,9120.2,0,9122.2,0,9096.33
Coinbase,btc_eur,9122.2,1601973498.337858,9120.2,0,9122.22,0,9096.33
Coinbase,btc_eur,9122.22,1601973498.338348,9120.2,0,9122.23,0,9096.33
Coinbase,btc_eur,9122.23,1601973498.3387,9120.2,0,9122.25,0,9096.33
Coinbase,btc_eur,9122.25,1601973498.339506,9120.2,0,9122.25,0,9096.33
Coinbase,btc_usd,10730.1,1601973498.339863,10730.09,0,10730.1,0,10674.66
Coinbase,btc_eur,9121.08,1601973508.501134,9121.08,0,9122.47,0,9096.33
Coinbase,btc_usd,10730.1,1601973509.884191,10730.09,0,10730.1,0,10674.66
Coinbase,btc_eur,9122.47,1601973509.999784,9121.08,0,9122.47,0,9096.33
Coinbase,btc_eur,9122.49,1601973510.100836,9119.88,0,9122.49,0,9096.33
Coinbase,eth_eur,298.96,1601973510.453519,298.89,0,298.96,0,298.35
Coinbase,btc_usd,10730.09,1601973511.05001,10730.09,0,10730.1,0,10674.66
Coinbase,eth_usd,351.69,1601973512.615005,351.68,0,351.69,0,350.36
Coinbase,btc_usd,10730.1,1601973514.576275,10730.1,0,10730.72,0,10674.66
Coinbase,btc_usd,10730.72,1601973516.899255,10730.34,0,10730.72,0,10674.66
Coinbase,btc_usd,10730.72,1601973516.899815,10730.34,0,10730.72,0,10674.66
Coinbase,btc_usd,10730.72,1601973516.982954,10730.34,0,10730.72,0,10674.66
Coinbase,eth_eur,298.96,1601973517.240144,298.9,0,298.96,0,298.35
Coinbase,btc_eur,9121.54,1601973517.249827,9120.25,0,9121.54,0,9096.33
Coinbase,btc_eur,9121.54,1601973521.610079,9120.53,0,9121.54,0,9096.33
Coinbase,btc_usd,10730.72,1601973522.23088,10730.34,0,10730.72,0,10674.66
Coinbase,eth_eur,298.89,1601973522.920717,298.89,0,298.96,0,298.35
Coinbase,eth_usd,351.69,1601973527.821109,351.68,0,351.69,0,350.36
Coinbase,btc_usd,10730.72,1601973531.856867,10730.71,0,10730.72,0,10674.66
Coinbase,eth_usd,351.69,1601973532.187794,351.68,0,351.69,0,350.36
Coinbase,eth_usd,351.69,1601973532.284342,351.68,0,351.69,0,350.36
Coinbase,eth_usd,351.69,1601973532.349043,351.68,0,351.69,0,350.36
Coinbase,eth_usd,351.69,1601973532.368124,351.68,0,351.69,0,350.36
Coinbase,eth_usd,351.69,1601973532.432413,351.68,0,351.69,0,350.36
Coinbase,eth_usd,351.69,1601973532.452326,351.68,0,351.69,0,350.36
Coinbase,eth_usd,351.69,1601973532.471046,351.68,0,351.69,0,350.36
Coinbase,eth_usd,351.69,1601973532.517603,351.68,0,351.69,0,350.36
Coinbase,eth_usd,351.69,1601973532.554631,351.68,0,351.69,0,350.36
Coinbase,eth_usd,351.69,1601973532.600767,351.68,0,351.69,0,350.36
Coinbase,eth_usd,351.69,1601973532.620825,351.68,0,351.69,0,350.36
Coinbase,eth_usd,351.69,1601973532.639841,351.68,0,351.69,0,350.36
Coinbase,eth_usd,351.69,1601973532.685763,351.68,0,351.69,0,350.36
Coinbase,eth_usd,351.69,1601973532.711485,351.68,0,351.69,0,350.36
Coinbase,eth_usd,351.69,1601973532.763426,351.68,0,351.69,0,350.36
Coinbase,eth_usd,351.69,1601973532.769589,351.68,0,351.69,0,350.36
Coinbase,eth_usd,351.69,1601973532.978837,351.68,0,351.69,0,350.36
Coinbase,eth_usd,351.69,1601973535.054124,351.68,0,351.69,0,350.36
Coinbase,eth_usd,351.78,1601973535.210929,351.78,0,351.83,0,350.36
Coinbase,eth_usd,351.82,1601973536.248033,351.82,0,351.83,0,350.36
Coinbase,btc_usd,10733.49,1601973537.423313,10733.48,0,10733.49,0,10674.66
Coinbase,btc_usd,10733.49,1601973538.697581,10733.48,0,10733.49,0,10674.66
Coinbase,eth_usd,351.82,1601973539.925115,351.82,0,351.83,0,350.36
Coinbase,btc_usd,10732.7,1601973546.831872,10732.69,0,10732.7,0,10674.66
Coinbase,btc_eur,9122.92,1601973549.27064,9122.33,0,9122.92,0,9096.33
Coinbase,btc_usd,10732.7,1601973550.961207,10732.69,0,10732.7,0,10674.66
Coinbase,eth_usd,351.83,1601973552.254268,351.82,0,351.83,0,350.36
Coinbase,eth_usd,351.83,1601973552.254833,351.82,0,351.83,0,350.36
Coinbase,eth_usd,351.83,1601973552.255188,351.82,0,351.83,0,350.36
Coinbase,btc_usd,10732.7,1601973553.129317,10732.69,0,10732.7,0,10674.66
Coinbase,btc_eur,9122.92,1601973553.222455,9121.79,0,9122.92,0,9096.33
Coinbase,eth_eur,298.97,1601973553.498008,298.96,0,298.97,0,298.35
Coinbase,btc_usd,10732.7,1601973554.509413,10732.69,0,10732.7,0,10674.66
Coinbase,btc_usd,10732.7,1601973554.63264,10732.69,0,10732.7,0,10674.66
Coinbase,eth_usd,351.82,1601973555.138872,351.82,0,351.83,0,350.36
Coinbase,eth_usd,351.82,1601973555.141551,351.7,0,351.83,0,350.36
Coinbase,btc_eur,9121.79,1601973555.250812,9121.79,0,9122.93,0,9096.33
Coinbase,eth_usd,351.73,1601973555.54651,351.7,0,351.73,0,350.36
Coinbase,btc_eur,9122.93,1601973557.378108,9121.79,0,9122.93,0,9096.33
Coinbase,eth_usd,351.71,1601973559.431904,351.7,0,351.71,0,350.36
Coinbase,eth_usd,351.71,1601973559.434229,351.7,0,351.75,0,350.36
Coinbase,eth_usd,351.75,1601973559.434616,351.7,0,351.75,0,350.36
Coinbase,eth_usd,351.73,1601973559.626124,351.73,0,351.77,0,350.36
Coinbase,eth_usd,351.73,1601973559.822219,351.73,0,351.76,0,350.36
Coinbase,btc_eur,9121.79,1601973560.496926,9121.79,0,9122.93,0,9096.33
Coinbase,btc_eur,9122.93,1601973561.165694,9121.79,0,9122.93,0,9096.33
Coinbase,eth_eur,298.91,1601973562.708809,298.91,0,298.97,0,298.35
Coinbase,btc_eur,9122.92,1601973563.491682,9121.79,0,9122.93,0,9096.33
Coinbase,btc_eur,9122.93,1601973563.492545,9121.79,0,9123.03,0,9096.33
Coinbase,btc_eur,9123.03,1601973563.493227,9121.79,0,9123.96,0,9096.33
Coinbase,btc_eur,9123.96,1601973563.575222,9121.79,0,9123.96,0,9096.33
Coinbase,btc_eur,9123.95,1601973565.018121,9122.03,0,9123.95,0,9096.33
Coinbase,eth_usd,351.75,1601973565.755964,351.74,0,351.75,0,350.36
Coinbase,btc_usd,10732.7,1601973567.304153,10732.69,0,10732.7,0,10674.66
Coinbase,btc_usd,10732.7,1601973567.401161,10732.69,0,10732.7,0,10674.66
Coinbase,btc_usd,10732.7,1601973567.402421,10732.69,0,10732.7,0,10674.66
Coinbase,btc_usd,10732.7,1601973568.308458,10732.69,0,10732.7,0,10674.66
Coinbase,eth_eur,298.93,1601973568.779101,298.93,0,298.97,0,298.35
Coinbase,eth_eur,298.93,1601973569.551197,298.93,0,298.97,0,298.35
Coinbase,btc_usd,10732.7,1601973571.047153,10732.69,0,10732.7,0,10674.66
Coinbase,eth_usd,351.75,1601973572.862459,351.74,0,351.75,0,350.36
Coinbase,eth_eur,298.97,1601973573.383617,298.94,0,298.97,0,298.35
Coinbase,btc_usd,10732.7,1601973585.400686,10732.69,0,10732.7,0,10674.66
Coinbase,btc_usd,10732.69,1601973586.054911,10732.69,0,10732.7,0,10674.66
Coinbase,btc_eur,9121.76,1601973586.922137,9121.76,0,9123.25,0,9096.33
Coinbase,eth_eur,298.94,1601973590.722815,298.94,0,298.97,0,298.35
Coinbase,eth_eur,298.97,1601973592.138769,298.94,0,298.97,0,298.35
Coinbase,eth_usd,351.75,1601973592.395369,351.74,0,351.75,0,350.36
Coinbase,btc_eur,9121.76,1601973594.757212,9121.76,0,9123.25,0,9096.33
Coinbase,eth_usd,351.75,1601973596.478176,351.74,0,351.75,0,350.36
Coinbase,btc_eur,9121.82,1601973597.869012,9121.82,0,9123.25,0,9096.33
Coinbase,btc_eur,9121.82,1601973598.41687,9121.82,0,9123.25,0,9096.33
Coinbase,btc_eur,9123.25,1601973598.638571,9121.82,0,9123.25,0,9096.33
Coinbase,btc_usd,10732.7,1601973600.574582,10732.69,0,10732.7,0,10674.66
Coinbase,btc_eur,9121.48,1601973600.817153,9121.48,0,9123.25,0,9096.33
Coinbase,btc_eur,9121.54,1601973601.041822,9121.54,0,9123.8,0,9096.33
Coinbase,btc_eur,9121.65,1601973601.492765,9121.65,0,9123.72,0,9096.33
Coinbase,btc_usd,10732.7,1601973603.844094,10732.69,0,10732.7,0,10674.66
Coinbase,eth_eur,298.94,1601973603.944234,298.94,0,298.97,0,298.35
Coinbase,btc_eur,9123.25,1601973605.860182,9121.72,0,9123.25,0,9096.33
Coinbase,btc_usd,10732.7,1601973607.147636,10732.69,0,10732.7,0,10674.66
Coinbase,eth_usd,351.75,1601973612.977214,351.74,0,351.75,0,350.36
Coinbase,btc_eur,9123.25,1601973613.299162,9121.76,0,9123.25,0,9096.33
Coinbase,btc_usd,10732.7,1601973614.256968,10732.69,0,10732.7,0,10674.66
Coinbase,btc_eur,9121.82,1601973616.317734,9121.82,0,9123.25,0,9096.33
Coinbase,eth_usd,351.75,1601973616.949164,351.74,0,351.75,0,350.36
Coinbase,btc_eur,9123.25,1601973620.892407,9121.69,0,9124.0,0,9096.33
Coinbase,btc_eur,9124.0,1601973620.892993,9121.69,0,9124.0,0,9096.33
Coinbase,btc_eur,9124.0,1601973620.893384,9121.69,0,9124.0,0,9096.33
Coinbase,btc_eur,9124.0,1601973620.973077,9121.69,0,9124.01,0,9096.33
Coinbase,btc_eur,9124.01,1601973620.973802,9121.69,0,9124.01,0,9096.33
Coinbase,btc_eur,9123.24,1601973622.417675,9121.43,0,9123.25,0,9096.33
Coinbase,btc_eur,9123.25,1601973622.418255,9121.43,0,9123.76,0,9096.33
Coinbase,btc_eur,9123.76,1601973622.418938,9121.43,0,9123.85,0,9096.33
Coinbase,btc_eur,9123.85,1601973622.500803,9121.43,0,9124.0,0,9096.33
Coinbase,btc_eur,9124.0,1601973622.501177,9121.43,0,9124.0,0,9096.33
Coinbase,btc_eur,9124.0,1601973622.501832,9121.43,0,9124.0,0,9096.33
Coinbase,btc_eur,9124.0,1601973622.505012,9121.43,0,9124.01,0,9096.33
Coinbase,btc_eur,9124.01,1601973622.585874,9121.43,0,9124.11,0,9096.33
Coinbase,btc_eur,9124.11,1601973622.586246,9121.43,0,9124.11,0,9096.33
Coinbase,btc_usd,10732.7,1601973624.462754,10732.69,0,10732.7,0,10674.66
Coinbase,btc_eur,9121.99,1601973630.082992,9121.99,0,9123.86,0,9096.33
Coinbase,btc_eur,9121.99,1601973631.57379,9121.99,0,9123.8,0,9096.33
Coinbase,eth_usd,351.75,1601973633.155753,351.74,0,351.75,0,350.36
Coinbase,btc_eur,9124.05,1601973641.569983,9122.15,0,9124.05,0,9096.33
Coinbase,btc_eur,9122.15,1601973642.343501,9122.15,0,9124.03,0,9096.33
Coinbase,eth_usd,351.82,1601973642.881828,351.81,0,351.82,0,350.36
Coinbase,btc_eur,9122.15,1601973645.659987,9122.15,0,9124.01,0,9096.33
Coinbase,btc_usd,10732.69,1601973647.980329,10731.01,0,10732.7,0,10674.66
Coinbase,btc_usd,10731.01,1601973647.981218,10729.85,0,10732.7,0,10674.66
Coinbase,btc_usd,10729.85,1601973647.983189,10729.85,0,10732.7,0,10674.66
Coinbase,eth_eur,298.97,1601973648.96596,298.96,0,298.97,0,298.35
Coinbase,btc_usd,10731.14,1601973649.255435,10730.5,0,10731.14,0,10674.66
Coinbase,eth_usd,351.81,1601973649.493155,351.81,0,351.82,0,350.36
Coinbase,eth_usd,351.81,1601973649.49529,351.69,0,351.82,0,350.36
Coinbase,btc_usd,10730.68,1601973651.036924,10730.17,0,10730.68,0,10674.66
Coinbase,btc_eur,9122.15,1601973656.079343,9119.84,0,9122.15,0,9096.33
Coinbase,eth_eur,298.94,1601973657.003726,298.94,0,298.96,0,298.35
Coinbase,btc_usd,10730.66,1601973660.515434,10728.78,0,10730.66,0,10674.66
Coinbase,eth_eur,298.96,1601973661.065179,298.94,0,298.96,0,298.35
Coinbase,btc_eur,9122.08,1601973661.264153,9119.84,0,9122.08,0,9096.33
Coinbase,btc_eur,9121.89,1601973663.179659,9119.84,0,9121.89,0,9096.33
Coinbase,eth_usd,351.7,1601973664.422475,351.69,0,351.7,0,350.36
Coinbase,btc_eur,9122.73,1601973673.655307,9119.93,0,9122.73,0,9096.33
Coinbase,btc_usd,10729.58,1601973675.784884,10728.91,0,10729.58,0,10674.66
Coinbase,eth_eur,298.94,1601973679.144736,298.94,0,298.96,0,298.35
Coinbase,btc_usd,10728.73,1601973681.675124,10728.37,0,10728.73,0,10674.66
Coinbase,btc_usd,10728.73,1601973681.677425,10728.37,0,10728.73,0,10674.66
Coinbase,btc_usd,10728.73,1601973682.144761,10728.44,0,10728.73,0,10674.66
Coinbase,btc_eur,9119.84,1601973683.387892,9119.84,0,9121.45,0,9096.33
Coinbase,eth_eur,298.94,1601973683.989837,298.94,0,298.96,0,298.35
Coinbase,btc_eur,9119.84,1601973684.082209,9118.58,0,9121.4,0,9096.33
Coinbase,btc_usd,10728.23,1601973684.091253,10728.22,0,10728.23,0,10674.66
Coinbase,btc_usd,10728.23,1601973684.092078,10728.22,0,10728.52,0,10674.66
Coinbase,btc_usd,10728.52,1601973684.164929,10728.22,0,10728.52,0,10674.66
Coinbase,btc_usd,10728.52,1601973684.17111,10728.23,0,10728.52,0,10674.66
Coinbase,btc_eur,9118.58,1601973684.176982,9118.58,0,9121.39,0,9096.33
Coinbase,btc_usd,10728.52,1601973684.177385,10728.23,0,10728.52,0,10674.66
Coinbase,btc_usd,10728.23,1601973684.252259,10728.22,0,10728.52,0,10674.66
Coinbase,btc_usd,10728.22,1601973684.25923,10728.09,0,10728.52,0,10674.66
Coinbase,btc_usd,10728.09,1601973684.259991,10728.09,0,10728.52,0,10674.66
Coinbase,btc_usd,10728.1,1601973684.260368,10727.33,0,10728.1,0,10674.66
Coinbase,btc_usd,10728.23,1601973688.688749,10728.22,0,10728.23,0,10674.66
Coinbase,btc_usd,10728.17,1601973692.036531,10728.16,0,10728.17,0,10674.66
Coinbase,btc_usd,10728.17,1601973692.037019,10728.16,0,10728.17,0,10674.66
Coinbase,btc_usd,10728.17,1601973692.99923,10728.16,0,10728.17,0,10674.66
Coinbase,btc_usd,10728.17,1601973693.210806,10728.16,0,10728.17,0,10674.66
Coinbase,btc_eur,9120.15,1601973694.036439,9118.01,0,9120.15,0,9096.33
Coinbase,eth_usd,351.7,1601973696.873735,351.69,0,351.7,0,350.36
Coinbase,eth_eur,298.97,1601973697.549067,298.94,0,298.97,0,298.35
Coinbase,eth_eur,298.94,1601973698.885663,298.93,0,298.97,0,298.35
Coinbase,eth_eur,298.93,1601973698.886191,298.93,0,298.97,0,298.35
Coinbase,eth_usd,351.69,1601973703.084837,351.69,0,351.7,0,350.36
Coinbase,eth_eur,298.97,1601973704.662581,298.94,0,298.97,0,298.35
Coinbase,eth_usd,351.7,1601973705.443376,351.69,0,351.7,0,350.36
Coinbase,btc_eur,9118.27,1601973709.708958,9118.27,0,9119.92,0,9096.33
Coinbase,btc_usd,10726.62,1601973709.902218,10726.61,0,10726.62,0,10674.66
Coinbase,btc_usd,10726.62,1601973710.417344,10726.61,0,10726.62,0,10674.66
Coinbase,btc_usd,10726.62,1601973710.417852,10726.61,0,10726.62,0,10674.66
Coinbase,btc_usd,10726.62,1601973711.248049,10726.61,0,10726.62,0,10674.66
Coinbase,eth_usd,351.69,1601973711.386478,351.69,0,351.7,0,350.36
Coinbase,eth_usd,351.69,1601973711.387219,351.69,0,351.7,0,350.36
Coinbase,eth_usd,351.69,1601973711.388713,351.69,0,351.7,0,350.36
Coinbase,btc_eur,9118.72,1601973713.684494,9118.71,0,9120.07,0,9096.33
Coinbase,btc_eur,9118.71,1601973713.685092,9118.71,0,9120.07,0,9096.33
Coinbase,btc_eur,9119.91,1601973714.544486,9118.0,0,9119.91,0,9096.33
Coinbase,btc_usd,10726.46,1601973716.778007,10726.46,0,10726.61,0,10674.66
Coinbase,btc_usd,10726.61,1601973719.647359,10726.6,0,10726.61,0,10674.66
Coinbase,btc_eur,9120.32,1601973720.169624,9118.14,0,9120.32,0,9096.33
Coinbase,btc_usd,10726.39,1601973720.682869,10726.39,0,10726.61,0,10674.66
Coinbase,eth_usd,351.69,1601973721.617474,351.69,0,351.7,0,350.36
Coinbase,btc_eur,9119.9,1601973726.088997,9118.14,0,9119.9,0,9096.33
Coinbase,btc_usd,10726.22,1601973729.778615,10726.22,0,10726.23,0,10674.66
Coinbase,btc_usd,10726.23,1601973730.689339,10726.22,0,10726.23,0,10674.66
Coinbase,btc_usd,10726.23,1601973732.32012,10726.22,0,10726.23,0,10674.66
Coinbase,btc_usd,10726.23,1601973732.559281,10726.22,0,10726.23,0,10674.66
Coinbase,btc_eur,9118.14,1601973735.487941,9118.14,0,9119.09,0,9096.33
Coinbase,eth_eur,298.94,1601973736.875827,298.94,0,298.95,0,298.35
Coinbase,eth_eur,298.94,1601973738.526105,298.94,0,298.95,0,298.35
Coinbase,eth_eur,298.94,1601973738.52668,298.94,0,298.95,0,298.35
Coinbase,eth_eur,298.94,1601973738.527204,298.94,0,298.95,0,298.35
Coinbase,btc_usd,10726.23,1601973739.812762,10726.22,0,10726.23,0,10674.66
Coinbase,btc_usd,10726.23,1601973742.219949,10726.22,0,10726.23,0,10674.66
Coinbase,eth_usd,351.7,1601973744.708868,351.69,0,351.7,0,350.36
Coinbase,btc_eur,9118.0,1601973750.252418,9118.0,0,9118.34,0,9096.33
Coinbase,eth_eur,298.95,1601973751.709855,298.94,0,298.95,0,298.35
Coinbase,btc_usd,10725.54,1601973753.516761,10725.53,0,10725.54,0,10674.66
Coinbase,eth_eur,298.95,1601973754.554948,298.94,0,298.95,0,298.35
Coinbase,btc_usd,10725.54,1601973755.795414,10725.53,0,10725.54,0,10674.66
