Plateforme,Asset,Quote,Datetime,Bid,BidAmount,Ask,AskAmount,OpenInterest
Kraken,btc_usd,10895.50000,1601297500.388661,10890.00000,19.67570278,10895.50000,0.38143250,10890.15830
Kraken,btc_usd,10902.90000,1601297690.096553,10902.80000,0.92632384,10902.90000,0.15763392,10890.21712
Kraken,btc_usd,10909.10000,1601297792.963999,10902.80000,0.71399999,10909.10000,0.16463695,10890.31134
Kraken,btc_usd,10902.60000,1601298566.792844,10902.60000,0.91921757,10904.60000,0.47414603,10890.34563
Kraken,btc_usd,10918.5,1601298756.09676,10918.5,17.18336253,10918.6,0.00694493,10890.35566
Kraken,btc_eur,9366.6,1601298761.166613,9366.5,3.97154688,9366.6,0.92327787,9359.61254
Kraken,eth_usd,365.27,1601298768.425035,365.23,50.72244873,365.27,20.44312089,359.62772
Kraken,eth_eur,312.95,1601298772.16506,312.95,43.76706808,312.96,9.7,309.20433
Kraken,btc_usd,10918.5,1601298777.785636,10918.5,8.84475129,10918.6,0.01158482,10890.35568
Kraken,btc_eur,9366.5,1601298780.301416,9366.5,0.09509158,9366.6,6.17612752,9359.61256
Kraken,eth_usd,365.18,1601298782.621741,365.18,0.01109164,365.19,10.2830436,359.62783
Kraken,eth_usd,365.18,1601298787.80338,364.83,4.85,365.19,10.2830436,359.62783
Kraken,eth_usd,365.1,1601298790.100635,364.84,30.0,365.1,99.5,359.62793
Kraken,btc_eur,9366.3,1601298792.919193,9362.0,0.5625,9366.4,0.5,9359.61257
Kraken,btc_eur,9360.5,1601298795.03794,9360.4,0.1,9360.5,0.80365984,9359.61258
Kraken,btc_usd,10918.6,1601298797.054197,10918.5,0.193,10918.6,5.40557382,10890.35582
Kraken,btc_usd,10918.6,1601298802.697171,10918.5,0.193,10918.6,5.80173937,10890.35588
Kraken,btc_eur,9359.3,1601298805.153143,9359.2,0.68723354,9359.3,1.82343806,9359.61253
Kraken,btc_usd,10920.0,1601298810.589979,10918.5,0.193,10920.1,0.68709156,10890.51372
Kraken,btc_usd,10920.0,1601298813.008495,10920.0,0.93358827,10920.1,0.68709156,10890.51528
Kraken,btc_eur,9359.2,1601298815.804871,9359.2,3.8121947,9359.3,0.98865709,9359.61252
Kraken,btc_eur,9359.2,1601298818.755577,9359.2,3.76440871,9359.3,0.98865709,9359.61251
Kraken,btc_eur,9359.2,1601298821.220891,9359.2,3.67777876,9359.3,0.98865709,9359.6125
Kraken,btc_eur,9359.2,1601298824.091335,9359.2,3.64922176,9359.3,0.98865709,9359.6125
Kraken,btc_eur,9359.2,1601298826.553675,9359.2,3.56814076,9359.3,0.98865709,9359.61249
Kraken,eth_eur,312.8,1601298829.40663,312.68,33.7398118,312.8,9.01582114,309.20465
Kraken,btc_eur,9359.2,1601298833.692493,9359.2,4.26678757,9359.3,0.98865709,9359.61248
Kraken,btc_eur,9359.2,1601298839.012405,9359.2,4.32399251,9359.3,0.98865709,9359.61248
Kraken,btc_eur,9360.4,1601298843.583948,9360.4,2.69086144,9360.5,0.98443806,9359.61248
Kraken,eth_usd,364.81,1601298846.785508,364.8,50.359,364.85,20.5771134,359.628
Kraken,btc_eur,9364.8,1601298848.862716,9360.4,5.57639308,9364.8,3.979,9359.61349
Kraken,btc_eur,9366.2,1601298851.554507,9364.7,0.5,9366.2,0.33875166,9359.61478
Kraken,btc_eur,9366.5,1601298854.387394,9366.5,3.08809888,9366.6,0.01601434,9359.61478
Kraken,eth_eur,312.79,1601298857.155225,312.77,37.23647299,312.89,6.0,309.21124
Kraken,btc_usd,10925.2,1601298859.977767,10925.1,23.85569423,10925.2,2.71255909,10890.5208
Kraken,btc_eur,9366.6,1601298863.487848,9366.5,9.17854461,9370.0,0.27736158,9359.61482
Kraken,eth_eur,313.02,1601298866.206234,312.99,80.77484427,313.01,1e-08,309.21174
Kraken,eth_usd,365.25,1601298868.413145,365.15,5.0,365.25,20.54384581,359.6321
Kraken,btc_usd,10925.2,1601298870.673043,10925.1,23.85569423,10925.2,0.00255909,10890.57275
Kraken,btc_usd,10925.2,1601298875.648997,10925.1,23.96569423,10932.4,0.004,10890.5728
Kraken,btc_eur,9369.9,1601298880.789957,9369.9,7.4486022,9370.0,0.27736158,9359.61483
Kraken,btc_eur,9370.0,1601298882.759156,9369.9,8.68168811,9370.0,0.26921694,9359.61485
Kraken,eth_eur,313.37,1601298884.526188,313.15,30.0,313.37,0.98758884,309.24681
Kraken,eth_eur,313.37,1601298886.881435,313.15,30.0,313.37,0.78758884,309.24686
Kraken,btc_eur,9370.0,1601298888.671702,9369.9,8.68168811,9370.0,0.2412826,9359.61495
Kraken,btc_eur,9369.9,1601298891.507406,9369.9,8.07868526,9370.0,2.2412826,9359.61509
Kraken,btc_eur,9370.0,1601298894.119248,9369.9,5.10440779,9370.0,1.03360261,9359.61511
Kraken,eth_eur,313.18,1601298896.696741,313.17,36.29692179,313.18,26.96716439,309.24688
Kraken,btc_usd,10932.3,1601298898.918592,10932.3,11.08761612,10932.4,0.23104967,10890.57303
Kraken,eth_eur,313.15,1601298901.054809,313.15,2.46692179,313.17,8.0,309.24768
Kraken,eth_usd,365.28,1601298903.591476,365.28,46.95329123,365.29,20.54363782,359.6323
Kraken,btc_usd,10932.4,1601298906.234396,10932.3,12.12243659,10932.4,0.13587781,10890.57523
Kraken,btc_usd,10932.4,1601298911.07775,10932.3,10.57021074,10932.4,0.13483547,10890.57568
Kraken,btc_eur,9370.0,1601298913.53,9369.9,7.480712,9370.0,0.23056261,9359.61512
Kraken,eth_usd,365.36,1601298918.55064,365.19,30.45829123,365.36,41.75,359.63231
Kraken,btc_eur,9370.1,1601298921.515116,9369.9,10.54003778,9371.1,0.02674,9359.61594
Kraken,btc_usd,10941.6,1601298923.81312,10932.3,15.94625663,10941.6,0.04703811,10890.60116
Kraken,btc_eur,9371.2,1601298926.447078,9371.0,8.81482351,9374.9,0.00548436,9359.61684
Kraken,eth_usd,365.35,1601298928.856835,365.34,13.29829123,365.35,18.53741025,359.63272
Kraken,btc_eur,9375.0,1601298931.764151,9374.8,8.66888861,9375.0,3.77700811,9359.61687
Kraken,btc_eur,9375.0,1601298933.943711,9374.9,3.93528556,9375.0,3.72776754,9359.61712
Kraken,btc_usd,10943.1,1601298935.943503,10943.1,0.44075943,10944.3,0.05168454,10890.60259
Kraken,btc_eur,9375.0,1601298938.447935,9374.9,6.9820168,9375.0,3.04239954,9359.62054
Kraken,btc_usd,10944.8,1601298940.580714,10943.7,0.5,10944.8,0.62992813,10890.60545
Kraken,btc_eur,9374.9,1601298942.347005,9374.9,8.83900099,9375.0,3.04239954,9359.62068
Kraken,btc_eur,9375.0,1601298944.62659,9374.9,8.83900099,9375.0,2.99987889,9359.6209
Kraken,btc_usd,10943.0,1601298947.523948,10943.0,0.12147935,10944.9,9.136e-05,10890.60668
Kraken,btc_usd,10945.0,1601298953.021133,10943.9,0.68546743,10945.0,23.51811305,10890.60968
Kraken,eth_usd,365.3,1601298955.841811,365.3,20.49664832,365.4,3.5,359.63275
Kraken,eth_eur,313.21,1601298958.016213,313.11,23.55365816,313.21,1.9963107,309.24811
Kraken,btc_usd,10943.7,1601298961.347758,10942.8,5.0,10943.7,0.40374894,10890.61247
Kraken,btc_eur,9374.9,1601298967.196877,9374.9,7.87225623,9375.0,2.99987889,9359.62111
Kraken,btc_eur,9380.0,1601298969.978696,9374.9,7.94332923,9380.0,2.46343434,9359.64246
Kraken,btc_eur,9380.0,1601298973.03896,9377.7,0.00213271,9380.0,2.44653813,9359.64258
Kraken,btc_eur,9375.0,1601298976.252266,9375.0,1.07013271,9380.0,2.44653813,9359.64271
Kraken,eth_usd,365.4,1601298978.354154,365.27,0.38329123,365.4,3.11475372,359.64547
Kraken,eth_eur,313.27,1601298980.695392,313.14,30.0,313.27,2.94380583,309.24812
Kraken,btc_eur,9380.0,1601298983.764131,9379.9,3.88107904,9380.0,2.83414008,9359.64279
Kraken,btc_eur,9380.0,1601298989.496993,9379.9,4.97607904,9380.0,2.60414008,9359.64431
Kraken,btc_usd,10944.4,1601298991.4223,10942.0,0.0317,10944.4,0.01555319,10890.63326
Kraken,eth_usd,365.32,1601298993.388645,365.21,0.38329123,365.32,27.15404789,359.6505
Kraken,btc_eur,9386.3,1601298996.39944,9379.9,1.92965924,9386.3,0.28224389,9359.67987
Kraken,eth_eur,313.1,1601299001.163884,313.1,518.6545345,313.11,74.35491662,309.24813
Kraken,eth_eur,313.1,1601299003.311183,313.1,514.15236173,313.11,106.78180859,309.24905
Kraken,eth_eur,313.1,1601299010.684909,313.1,512.7197127,313.11,114.52491662,309.24934
Kraken,eth_eur,313.1,1601299012.487417,313.1,506.0167127,313.11,114.52491662,309.25072
Kraken,eth_usd,365.1,1601299015.354516,364.98,0.6518985,365.11,21.54946425,359.65118
Kraken,eth_eur,313.1,1601299020.282,313.1,440.6507127,313.11,114.30307701,309.26406
Kraken,eth_eur,313.1,1601299022.786849,313.1,410.0357127,313.11,114.30307701,309.27027
Kraken,eth_eur,313.1,1601299024.721684,313.1,410.0157127,313.11,126.04308443,309.27028
Kraken,eth_eur,313.1,1601299026.805732,313.1,406.9557127,313.11,126.04308443,309.2709
Kraken,eth_eur,313.1,1601299029.241171,313.1,396.9557127,313.11,179.41375127,309.27292
Kraken,btc_eur,9376.5,1601299031.835508,9375.1,0.05927492,9376.5,0.01724466,9359.68033
Kraken,eth_eur,313.11,1601299040.085113,313.1,396.9557127,313.11,79.41375127,309.29311
Kraken,eth_eur,313.1,1601299043.568107,313.1,396.9357127,313.11,81.94202127,309.29312
Kraken,btc_eur,9373.5,1601299048.546892,9373.5,0.44142468,9375.2,4.13633199,9359.68281
Kraken,eth_eur,313.1,1601299050.573687,313.1,367.5357127,313.11,86.84202127,309.299
Kraken,eth_eur,313.1,1601299055.719121,313.1,366.10306367,313.11,86.84202127,309.29928
Kraken,eth_eur,313.1,1601299057.273697,313.1,356.10306367,313.11,86.84202127,309.30128
Kraken,eth_eur,313.1,1601299060.070042,313.1,317.10306367,313.11,86.84202127,309.30904
Kraken,eth_eur,313.1,1601299063.566685,313.1,302.10306367,313.11,76.84202127,309.31202
Kraken,eth_eur,313.1,1601299066.154124,313.1,302.05237186,313.11,125.35817424,309.31203
Kraken,btc_eur,9373.7,1601299068.78792,9373.6,3.71411367,9373.7,1.6084312,9359.68283
Kraken,btc_eur,9376.2,1601299072.226671,9373.6,3.80111367,9376.2,0.57245456,9359.70794
Kraken,eth_eur,313.1,1601299074.468401,313.1,164.48237186,313.11,125.35817424,309.33912
Kraken,eth_eur,313.1,1601299076.769006,313.1,96.41237186,313.11,125.35817424,309.35238
Kraken,eth_eur,313.1,1601299081.493312,313.1,95.93482218,313.11,137.05817424,309.35247
Kraken,eth_eur,313.1,1601299084.145348,313.1,92.67482218,313.11,152.15488015,309.35311
Kraken,btc_eur,9378.9,1601299086.294289,9376.8,0.096,9378.9,4.3444,9359.72342
Kraken,btc_eur,9376.9,1601299090.401652,9376.8,0.15527756,9376.9,0.26191409,9359.72398
Kraken,eth_eur,313.11,1601299092.757452,313.1,79.51982218,313.11,62.61599388,309.35331
Kraken,btc_usd,10935.1,1601299095.289864,10934.4,2.94125096,10935.1,0.812746,10890.63469
Kraken,eth_eur,313.1,1601299098.009036,313.1,67.72355218,313.11,62.61599388,309.35408
Kraken,btc_eur,9380.1,1601299100.006256,9376.8,3.01427756,9380.1,1.99471069,9359.72402
Kraken,btc_eur,9376.9,1601299102.33767,9376.9,1.072646,9380.1,1.99471069,9359.72403
Kraken,btc_usd,10937.0,1601299104.508205,10937.0,0.49022618,10938.8,0.856462,10890.63494
Kraken,btc_eur,9378.9,1601299107.254367,9378.9,2.46626671,9379.0,0.26191409,9359.72461
Kraken,eth_eur,313.1,1601299110.378083,313.1,54.36745193,313.11,2.00499388,309.35666
Kraken,btc_eur,9379.4,1601299112.364125,9379.4,0.27118889,9379.9,0.36310976,9359.72778
Kraken,eth_usd,365.12,1601299114.803278,365.12,0.28329123,365.16,20.55401073,359.6512
Kraken,eth_eur,313.11,1601299117.342891,313.1,92.41245193,313.11,1.90499388,309.35668
Kraken,btc_eur,9381.1,1601299120.160877,9381.0,0.5,9381.1,1.85,9359.72881
Kraken,eth_usd,365.37,1601299124.496299,365.37,0.06929123,365.4,53.5,359.65126
Kraken,btc_usd,10939.3,1601299127.218759,10939.2,3.69028192,10943.6,0.4,10890.63547
Kraken,btc_usd,10941.7,1601299129.303586,10941.7,0.13649209,10943.6,0.4,10890.65433
Kraken,btc_eur,9383.2,1601299133.328724,9383.1,2.95923868,9383.2,1.987218,9359.72891
Kraken,btc_eur,9383.1,1601299138.382399,9383.1,2.93072868,9383.2,1.987218,9359.72912
Kraken,btc_eur,9383.1,1601299141.424781,9383.1,3.7731792,9383.2,1.987218,9359.7292
Kraken,eth_eur,313.28,1601299144.042758,313.28,6.99987,313.35,31.90499388,309.35669
Kraken,eth_eur,313.24,1601299146.0201,313.24,28.954,313.33,37.48723704,309.3569
Kraken,eth_eur,313.3,1601299148.167726,313.16,5.15,313.3,34.90499388,309.35792
Kraken,eth_eur,313.13,1601299150.333545,313.13,23.13534207,313.28,1.48723704,309.358
Kraken,eth_eur,313.16,1601299152.742178,313.16,24.45696271,313.26,6.74361852,309.35801
Kraken,eth_eur,313.26,1601299155.093655,313.16,20.54196271,313.26,36.71103825,309.35802
Kraken,btc_usd,10941.6,1601299156.926068,10941.5,0.057083,10941.6,0.62431507,10890.6556
Kraken,btc_eur,9381.4,1601299159.127342,9381.3,0.47504594,9381.4,0.50977712,9359.72921
Kraken,eth_eur,313.14,1601299161.581575,313.14,19.801,313.15,0.72732838,309.35803
Kraken,btc_eur,9379.1,1601299166.126131,9379.1,0.37070659,9381.6,3.24435425,9359.7293
Kraken,btc_eur,9380.8,1601299168.86052,9378.9,0.00615,9380.8,1.89400487,9359.73002
Kraken,eth_eur,313.2,1601299170.867759,313.2,20.0,313.32,2.0,309.36001
Kraken,btc_eur,9379.1,1601299172.790386,9379.1,0.54850843,9380.1,0.25955809,9359.73009
Kraken,btc_eur,9379.2,1601299175.078644,9379.1,0.93169953,9379.2,0.29027079,9359.73019
Kraken,btc_eur,9379.9,1601299178.002098,9379.9,1.17494337,9380.0,0.26844809,9359.73026
Kraken,eth_eur,313.2,1601299181.104828,313.2,39.17092628,313.23,0.72732838,309.36004
Kraken,btc_eur,9375.8,1601299183.14636,9375.8,0.03753651,9379.0,3.85955809,9359.73041
Kraken,eth_eur,313.13,1601299186.646767,313.1,54.36745193,313.13,19.86834373,309.36032
Kraken,btc_eur,9376.7,1601299189.807555,9376.6,2.95927137,9376.7,0.23972177,9359.73052
Kraken,eth_eur,313.12,1601299192.510615,313.1,54.36745193,313.12,13.11977357,309.36094
Kraken,btc_eur,9378.5,1601299195.132583,9378.4,0.5,9378.5,0.6016016,9359.73054
Kraken,btc_eur,9378.5,1601299198.303817,9378.4,0.5,9378.5,0.59017694,9359.73061
Kraken,btc_eur,9378.4,1601299201.251273,9378.4,0.48953119,9378.5,0.59017694,9359.73067
Kraken,btc_eur,9376.6,1601299206.340126,9376.6,1.92060957,9378.5,0.59017694,9359.74208
Kraken,btc_usd,10941.5,1601299208.376034,10941.5,0.14508299,10941.6,4.95948476,10890.65701
Kraken,btc_eur,9377.4,1601299213.553448,9377.3,0.11981136,9377.4,0.98672567,9359.74223
Kraken,btc_eur,9376.7,1601299216.531521,9375.7,0.91428308,9376.7,0.46535631,9359.74242
Kraken,eth_eur,313.1,1601299219.170734,313.1,54.33574689,313.11,131.32718068,309.36095
Kraken,btc_eur,9375.9,1601299221.55303,9375.8,0.05928533,9375.9,0.47574942,9359.74254
Kraken,btc_eur,9372.9,1601299224.354345,9372.8,0.0592887,9372.9,0.20364395,9359.74269
Kraken,eth_eur,313.1,1601299226.872301,313.1,47.64574689,313.11,151.19918068,309.36224
Kraken,btc_eur,9372.9,1601299229.025132,9372.8,0.0592887,9372.9,0.42726122,9359.74284
Kraken,btc_eur,9372.9,1601299230.862308,9372.8,0.0592887,9372.9,1.25408038,9359.74286
Kraken,btc_eur,9372.9,1601299232.584971,9372.8,0.0592887,9372.9,1.21943669,9359.74301
Kraken,btc_eur,9372.9,1601299234.467532,9372.8,2.21605114,9372.9,1.184793,9359.74316
Kraken,btc_eur,9372.9,1601299239.0562,9372.8,3.18886457,9372.9,0.72479971,9359.7433
Kraken,btc_usd,10941.5,1601299241.041625,10941.5,0.09508299,10941.6,7.5020263,10890.65841
Kraken,btc_eur,9372.9,1601299243.142262,9372.8,3.28886457,9372.9,0.69015602,9359.74345
Kraken,btc_eur,9372.9,1601299246.778765,9372.8,3.18886457,9372.9,0.66601072,9359.74355
Kraken,btc_usd,10941.5,1601299248.788783,10941.5,0.04166237,10941.6,9.06402835,10890.65991
Kraken,eth_eur,313.1,1601299253.993579,313.1,46.21309786,313.11,203.09553224,309.36252
Kraken,btc_eur,9372.9,1601299256.656494,9372.8,3.49106457,9372.9,0.6913206,9359.74357
Kraken,btc_eur,9372.8,1601299259.026483,9372.8,3.46255657,9372.9,0.6913206,9359.74369
Kraken,btc_eur,9372.9,1601299261.999358,9372.8,3.46255657,9372.9,0.68660725,9359.74371
Kraken,btc_usd,10941.7,1601299283.146641,10937.3,0.44200916,10941.7,0.14561265,10890.84995
Kraken,btc_usd,10894.9,1601306007.091938,10894.8,0.0308241,10894.9,5.7916982,10891.43024
Kraken,btc_eur,9353.0,1601306007.093157,9352.0,0.4,9353.0,0.49678919,9359.07348
Kraken,eth_usd,364.11,1601306007.093715,364.11,19.93510442,364.18,2.0346257,360.08827
Kraken,eth_eur,312.7,1601306007.094264,312.65,6.0,312.7,3.07564995,309.70663
Kraken,eth_usd,364.17,1601306007.693633,364.17,12.41947787,364.19,2.0593452,360.08827
Kraken,btc_usd,10894.9,1601306008.159794,10894.8,0.72263413,10894.9,5.43616367,10891.43026
Kraken,btc_eur,9354.6,1601306010.463883,9352.5,2.0,9354.6,0.80549999,9359.07101
Kraken,btc_usd,10894.8,1601306014.157748,10894.8,1.29326403,10894.9,4.83915576,10891.43086
Kraken,btc_usd,10894.9,1601306015.764349,10894.8,1.28862413,10894.9,4.76048896,10891.43088
Kraken,btc_eur,9353.5,1601306015.823046,9353.5,0.0017145,9354.7,0.68850921,9359.071
Kraken,btc_eur,9354.7,1601306016.969344,9353.5,0.0017145,9354.7,0.68367119,9359.071
Kraken,btc_eur,9354.7,1601306019.717275,9353.5,0.0017145,9354.7,0.63782387,9359.07094
Kraken,btc_eur,9354.7,1601306020.572924,9353.5,0.0017145,9354.7,0.6134029,9359.07091
Kraken,eth_eur,312.61,1601306023.18156,312.58,31.7699145,312.61,3.18483006,309.70663
Kraken,btc_eur,9354.6,1601306026.323685,9353.9,2.0,9354.6,0.4441867,9359.0709
Kraken,btc_eur,9353.9,1601306029.9718,9353.9,1.784285,9354.6,0.6941867,9359.07057
Kraken,btc_eur,9355.2,1601306031.439568,9354.6,2.68846677,9355.2,0.2993363,9359.07056
Kraken,btc_eur,9355.2,1601306033.359159,9354.6,2.68846677,9355.2,0.2942063,9359.07056
Kraken,btc_eur,9354.9,1601306037.935207,9354.1,0.03593929,9354.9,0.45451774,9359.07055
Kraken,btc_eur,9354.9,1601306038.170116,9354.1,0.03593929,9354.9,0.45080419,9359.07054
Kraken,btc_usd,10896.2,1601306040.700725,10896.1,0.5032108,10896.2,5.65511901,10891.43092
Kraken,eth_eur,312.56,1601306041.150605,312.4,5.95503906,312.58,3.95167778,309.70665
Kraken,eth_usd,363.99,1601306041.168299,363.99,0.7521127,364.16,0.34797331,360.08828
Kraken,eth_usd,363.99,1601306042.354866,363.99,0.71016442,364.07,8.95070673,360.08828
Kraken,btc_eur,9353.6,1601306043.827361,9353.5,0.0017145,9353.6,3.76470891,9359.07051
Kraken,btc_eur,9353.6,1601306044.417659,9353.5,0.0017145,9353.6,3.71102144,9359.07042
Kraken,btc_usd,10896.6,1601306046.844605,10896.1,0.5032108,10896.6,6.38291255,10891.45125
Kraken,eth_eur,312.36,1601306051.166717,312.36,29.95640864,312.39,3.1949,309.70666
Kraken,btc_usd,10896.2,1601306051.392165,10896.1,0.5032108,10896.2,2.15895733,10891.45125
Kraken,btc_eur,9353.6,1601306053.920199,9353.5,0.0017145,9353.6,4.5458168,9359.07025
Kraken,btc_eur,9353.6,1601306054.141125,9353.5,0.0017145,9353.6,4.47350522,9359.07013
Kraken,eth_eur,312.39,1601306057.882798,312.39,5.97202654,312.41,3.1949,309.70666
Kraken,btc_usd,10896.2,1601306060.623385,10896.1,0.50789511,10896.2,4.61841812,10891.45149
Kraken,btc_eur,9353.6,1601306064.444099,9353.5,0.0017145,9353.6,3.80284523,9359.07012
Kraken,eth_eur,312.45,1601306071.084556,312.44,30.0,312.45,3.4149,309.70732
Kraken,btc_eur,9353.5,1601306074.097312,9353.5,0.00033347,9353.6,3.8057001,9359.07012
Kraken,eth_usd,364.17,1601306077.028209,364.07,32.16648447,364.17,20.56798091,360.08829
Kraken,btc_eur,9353.6,1601306079.945259,9353.5,2.42032284,9353.6,0.26993559,9359.0701
Kraken,btc_usd,10896.1,1601306081.240543,10896.1,6.7759196,10896.2,0.06,10891.45374
Kraken,btc_eur,9353.4,1601306083.372265,9353.4,0.27883242,9353.6,0.26993559,9359.06345
Kraken,btc_usd,10896.1,1601306085.416501,10896.1,7.93571062,10896.2,0.06,10891.45384
Kraken,btc_eur,9353.6,1601306086.280595,9353.4,0.27883242,9353.6,0.26732784,9359.06345
Kraken,btc_eur,9353.4,1601306086.649212,9353.4,0.10081242,9353.6,0.26732784,9359.06315
Kraken,btc_usd,10896.2,1601306087.683281,10896.1,7.91068477,10896.2,0.03,10891.45391
Kraken,btc_eur,9353.6,1601306092.463165,9353.5,7.20708589,9358.6,0.5,9359.06272
Kraken,btc_eur,9357.2,1601306093.694742,9357.2,3.67391492,9358.6,0.5,9359.06272
Kraken,eth_eur,312.76,1601306099.087625,312.76,0.72515426,312.77,20.59196041,309.70739
Kraken,btc_eur,9359.0,1601306103.259348,9358.9,2.01796964,9359.0,0.50270931,9359.06272
Kraken,btc_eur,9359.0,1601306105.338596,9358.9,2.01796964,9359.0,0.49172277,9359.06272
Kraken,btc_eur,9358.9,1601306105.592642,9358.9,2.51525757,9359.0,0.49999997,9359.06272
Kraken,btc_eur,9359.0,1601306105.990523,9358.9,2.51525757,9359.0,0.4784316,9359.06272
Kraken,eth_eur,312.85,1601306107.239456,312.76,37.47095965,312.85,13.46596133,309.71422
Kraken,btc_eur,9359.0,1601306108.822496,9358.9,2.51525757,9359.0,0.49481315,9359.06272
Kraken,btc_usd,10896.2,1601306113.010158,10896.1,19.16044329,10896.2,0.02548563,10891.45392
Kraken,eth_eur,312.76,1601306113.92058,312.76,4.03247083,312.84,30.0,309.71434
Kraken,btc_eur,9359.0,1601306114.19411,9358.9,0.5,9359.0,3.56525394,9359.06272
Kraken,btc_eur,9359.0,1601306117.458691,9358.9,2.5,9359.0,1.45722078,9359.06271
Kraken,btc_usd,10896.2,1601306155.867377,10896.1,19.87757249,10896.2,0.01389291,10891.45394
Kraken,btc_eur,9355.5,1601306155.868183,9355.0,1.87056633,9355.5,0.89052532,9359.06269
Kraken,eth_usd,364.17,1601306155.868729,364.07,32.16648447,364.17,20.56798091,360.08829
Kraken,eth_eur,312.39,1601306155.869273,312.39,3.16188084,312.74,137.60333636,309.71635
Kraken,btc_eur,9355.0,1601306157.076317,9355.0,1.70056633,9355.1,1.31843114,9359.06249
Kraken,btc_eur,9355.0,1601306159.419433,9355.0,1.56711652,9355.1,1.31843114,9359.06233
Kraken,btc_usd,10896.1,1601306169.718509,10896.1,10.28425728,10896.2,0.26389291,10891.4544
Kraken,eth_usd,364.16,1601306170.066422,364.15,98.81947655,364.16,2.12079126,360.08829
Kraken,btc_eur,9355.0,1601306171.273426,9355.0,1.56110652,9355.1,2.90907521,9359.06232
Kraken,btc_eur,9355.1,1601306177.42249,9355.0,1.56110652,9355.1,2.8928183,9359.06231
Kraken,btc_usd,10899.1,1601306181.36542,10896.1,12.29491495,10899.1,2.99732274,10891.46587
Kraken,btc_eur,9355.1,1601306182.405228,9355.0,4.96110652,9355.1,0.11526676,9359.0623
Kraken,btc_eur,9356.2,1601306185.644569,9356.2,1.5,9357.6,0.5,9359.06188
Kraken,btc_eur,9357.5,1601306188.27624,9356.2,1.5,9357.5,0.52483834,9359.06184
Kraken,btc_eur,9357.5,1601306193.284443,9357.5,1.9,9358.6,0.165,9359.06179
Kraken,btc_eur,9357.5,1601306193.519459,9357.5,1.83580725,9358.5,0.00587374,9359.06176
Kraken,btc_usd,10902.7,1601306193.764074,10901.9,0.001,10902.8,0.51519156,10891.46853
Kraken,btc_eur,9358.0,1601306197.231792,9358.0,0.09778227,9358.1,0.00587374,9359.06173
Kraken,btc_usd,10902.8,1601306197.999021,10902.2,0.46413711,10902.9,0.2035,10891.46856
Kraken,btc_eur,9358.2,1601306209.121724,9358.0,2.0,9358.2,0.08971209,9359.06173
Kraken,btc_eur,9358.0,1601306209.496017,9358.0,1.9,9358.2,0.09558583,9359.0617
Kraken,btc_usd,10902.4,1601306213.198212,10902.3,3.78094528,10902.4,5.3342736,10891.46865
Kraken,btc_usd,10902.4,1601306214.225758,10902.3,2.96548364,10902.9,0.2035,10891.47781
Kraken,btc_eur,9358.3,1601306214.787453,9358.2,2.53006554,9358.3,0.0191025,9359.0617
Kraken,btc_eur,9359.1,1601306221.801028,9359.0,2.48462753,9359.1,0.51376878,9359.0617
Kraken,btc_eur,9359.1,1601306222.063024,9359.0,2.48462753,9359.1,0.50339378,9359.0617
Kraken,btc_eur,9359.0,1601306224.833366,9359.0,3.04372833,9359.1,0.51910248,9359.0617
Kraken,btc_usd,10902.7,1601306225.785813,10902.3,0.82092665,10902.9,0.2035,10891.49694
Kraken,btc_eur,9359.1,1601306234.686076,9359.0,0.5,9359.1,1.82907637,9359.0617
Kraken,btc_usd,10902.4,1601306244.588328,10902.3,0.133,10902.4,9.85980295,10891.49703
Kraken,eth_eur,312.6,1601306253.305297,312.6,24.5953916,312.64,12.49164951,309.71717
Kraken,eth_eur,312.62,1601306255.542428,312.58,1.04,312.62,5.60164951,309.71724
Kraken,btc_eur,9366.9,1601306258.845585,9356.0,2.0,9366.9,1.4601394,9359.11695
Kraken,btc_usd,10902.4,1601306258.935172,10902.3,0.133,10902.4,1.27886009,10891.49733
Kraken,btc_eur,9361.8,1601306268.574343,9360.4,0.68807519,9361.8,1.97878482,9359.11696
Kraken,btc_eur,9361.8,1601306273.538481,9360.6,2.0,9361.8,0.44439709,9359.11697
Kraken,btc_eur,9361.8,1601306274.187915,9360.6,2.0,9361.8,1.50557662,9359.11817
Kraken,eth_eur,312.63,1601306275.603836,312.62,28.36429665,312.63,10.9949052,309.71725
Kraken,btc_eur,9362.1,1601306283.562821,9362.0,0.26024928,9362.1,1.08713832,9359.11826
Kraken,eth_usd,364.2,1601306287.236074,364.19,100.6162507,364.2,2.86137643,360.08865
Kraken,eth_usd,364.2,1601306288.842785,364.19,95.3662507,364.2,2.80934974,360.08871
Kraken,btc_eur,9362.0,1601306291.650648,9362.0,0.24880318,9362.1,1.48713832,9359.11827
Kraken,btc_eur,9362.0,1601306291.758362,9362.0,0.24780318,9362.1,1.48713832,9359.11827
Kraken,btc_eur,9369.4,1601306297.061673,9362.0,0.24780318,9369.4,1.7692437,9359.22653
Kraken,eth_eur,312.65,1601306297.913392,312.64,4.27459262,312.65,5.71367735,309.71727
Kraken,btc_eur,9364.4,1601306299.011429,9363.1,2.0,9364.4,0.39407423,9359.22654
Kraken,eth_eur,312.68,1601306303.470654,312.67,6.0,312.68,3.98872217,309.7175
Kraken,eth_eur,312.68,1601306304.623092,312.67,1.76929923,312.68,3.35387653,309.71758
Kraken,btc_eur,9363.7,1601306305.117154,9363.5,2.0,9363.7,0.68212517,9359.22654
Kraken,btc_eur,9363.6,1601306308.111041,9363.6,2.54961328,9363.7,1.66625195,9359.22657
Kraken,btc_eur,9363.7,1601306311.25739,9362.0,0.3148639,9363.7,2.54732741,9359.22661
Kraken,btc_eur,9363.1,1601306312.796405,9363.1,0.01379615,9363.7,2.54732741,9359.22662
Kraken,btc_eur,9371.3,1601306316.137253,9363.6,2.0,9371.3,1.97563866,9359.34712
Kraken,btc_usd,10902.9,1601306316.224571,10902.8,9.39001995,10902.9,0.14897451,10891.49763
Kraken,btc_eur,9365.8,1601306318.809853,9363.6,2.65945916,9365.8,1.99629002,9359.34713
Kraken,eth_eur,312.65,1601306321.898363,312.65,1.70719298,312.66,42.63965804,309.71763
Kraken,eth_usd,364.19,1601306326.632793,364.19,51.35448155,364.2,2.80934974,360.08923
Kraken,btc_eur,9362.7,1601306332.25973,9362.6,3.52905,9362.7,0.9490696,9359.34714
Kraken,btc_eur,9362.6,1601306333.248524,9362.6,4.19679762,9362.7,0.9490696,9359.34716
Kraken,btc_usd,10902.8,1601306338.141119,10902.8,11.07357613,10902.9,0.14897451,10891.49763
Kraken,btc_usd,10905.4,1601306338.30735,10902.8,11.07357613,10905.4,3.18163997,10891.51757
Kraken,btc_eur,9362.7,1601306344.489077,9362.6,3.50905,9362.7,0.94549393,9359.34716
Kraken,eth_eur,312.66,1601306344.677415,312.66,2.1403861,312.67,56.86628386,309.71763
Kraken,btc_eur,9362.7,1601306345.127356,9362.6,4.19682247,9362.7,0.9111035,9359.3472
Kraken,btc_usd,10905.4,1601306345.702308,10905.3,3.90847069,10905.4,3.55795334,10891.51773
Kraken,btc_eur,9362.7,1601306346.549271,9362.6,4.19682247,9362.7,0.89652424,9359.34721
Kraken,btc_eur,9365.1,1601306353.048533,9362.6,3.53391772,9365.1,0.38949778,9359.34723
Kraken,btc_eur,9370.5,1601306354.179594,9363.2,1.12486772,9370.5,4.81429937,9359.37285
Kraken,btc_usd,10906.8,1601306354.282665,10906.7,1.22170014,10906.8,4.45184267,10891.51813
Kraken,btc_usd,10906.8,1601306354.719163,10906.7,0.72170014,10906.8,4.40472252,10891.51848
Kraken,btc_eur,9367.3,1601306356.881688,9366.3,0.02486772,9367.3,0.66695762,9359.37289
Kraken,btc_eur,9373.9,1601306365.845562,9369.0,3.74314313,9373.9,0.78522735,9359.40888
Kraken,btc_usd,10908.0,1601306365.966154,10907.9,8.38410466,10908.0,0.04547383,10891.51891
Kraken,btc_eur,9371.2,1601306370.277972,9371.2,0.48704835,9372.0,0.04547094,9359.40906
Kraken,btc_usd,10908.0,1601306372.185251,10907.9,6.88410466,10908.0,0.04282142,10891.51894
Kraken,btc_eur,9374.1,1601306372.756654,9368.8,0.11153,9374.1,1.06705676,9359.44346
Kraken,btc_usd,10908.0,1601306372.819387,10907.9,6.88410466,10909.5,6.35373414,10891.51928
Kraken,btc_eur,9374.1,1601306373.574948,9368.8,0.11153,9374.1,0.82682777,9359.44863
Kraken,btc_usd,10909.3,1601306373.637082,10909.2,0.133,10909.3,0.5154729,10891.51974
Kraken,btc_usd,10909.3,1601306373.696566,10909.2,0.133,10909.3,0.46093942,10891.52021
Kraken,btc_eur,9369.2,1601306376.767202,9369.2,2.0979286,9371.2,0.86200798,9359.44866
Kraken,btc_usd,10909.8,1601306379.946355,10909.2,1.04980117,10909.9,0.59826153,10891.53071
Kraken,eth_eur,312.75,1601306383.205451,312.74,63.5390195,312.75,29.97986011,309.71764
Kraken,btc_usd,10909.9,1601306383.778753,10909.2,1.04980117,10910.0,0.43440339,10891.54616
Kraken,btc_eur,9371.0,1601306386.724056,9370.9,2.6062,9371.0,1.77728516,9359.4489
Kraken,btc_eur,9371.0,1601306386.864185,9370.9,2.6062,9371.0,1.76940989,9359.44892
Kraken,btc_usd,10910.0,1601306391.234379,10909.9,0.001,10910.0,0.20439602,10891.5482
Kraken,btc_usd,10909.7,1601306392.339231,10909.6,0.68744222,10910.0,0.71418761,10891.56828
Kraken,btc_eur,9370.9,1601306393.437582,9370.9,2.53007248,9371.0,1.84978519,9359.44916
Kraken,btc_eur,9371.0,1601306395.443879,9370.9,0.53007248,9371.0,1.97168573,9359.44918
Kraken,eth_eur,312.74,1601306397.611448,312.74,30.64209522,312.75,67.79041205,309.71764
Kraken,btc_eur,9370.9,1601306401.073495,9370.9,2.49990689,9371.0,1.97549783,9359.4495
Kraken,btc_usd,10909.6,1601306401.106647,10909.6,0.54174555,10910.0,0.20439602,10891.60691
Kraken,btc_eur,9370.9,1601306404.613334,9370.9,0.49693689,9371.0,2.66301168,9359.44951
Kraken,btc_eur,9368.5,1601306407.079372,9368.5,0.68449167,9371.0,3.03729907,9359.45158
Kraken,btc_eur,9367.5,1601306409.355916,9367.5,0.092699,9370.8,0.84536601,9359.4516
Kraken,btc_eur,9374.3,1601306409.778432,9367.5,0.092699,9374.3,6.72474445,9359.4876
Kraken,btc_eur,9367.7,1601306413.087075,9367.7,0.376676,9368.7,0.68778242,9359.48765
Kraken,btc_eur,9367.7,1601306416.653121,9367.7,0.37563555,9368.6,0.05896609,9359.48766
Kraken,btc_usd,10909.8,1601306418.083363,10909.8,0.21255909,10909.9,6.54311518,10891.60942
Kraken,btc_eur,9362.9,1601306419.254822,9362.9,1.999,9364.9,1.04811,9359.48766
Kraken,btc_eur,9362.9,1601306420.280798,9362.9,1.38978,9364.5,0.5030432,9359.48824
Kraken,btc_eur,9364.4,1601306422.44474,9362.9,1.38978,9364.4,0.01633112,9359.48825
Kraken,btc_usd,10909.8,1601306428.777302,10909.8,0.00055909,10909.9,10.63100686,10891.61127
Kraken,btc_usd,10908.1,1601306432.585108,10908.0,0.09167583,10908.1,15.8691236,10891.6113
Kraken,btc_eur,9364.1,1601306437.654396,9362.9,0.4,9364.1,0.4727458,9359.48829
Kraken,btc_eur,9362.9,1601306437.832936,9362.9,0.30449153,9364.1,0.5,9359.48838
Kraken,btc_usd,10908.0,1601306437.970263,10908.0,0.08419964,10908.1,14.87408027,10891.61167
Kraken,eth_usd,364.03,1601306443.682685,363.99,5.70656332,364.03,1.52877369,360.08929
Kraken,btc_usd,10908.0,1601306443.762202,10908.0,0.08084357,10908.1,14.75291208,10891.6117
Kraken,eth_usd,364.08,1601306444.982917,364.01,0.30156332,364.08,17.85404014,360.08964
Kraken,btc_eur,9364.1,1601306445.163469,9363.4,0.4,9364.1,0.29715,9359.48864
Kraken,eth_usd,364.07,1601306446.024077,364.01,12.43765036,364.07,27.24616529,360.08999
Kraken,eth_usd,364.07,1601306447.889426,364.01,12.43765036,364.07,26.47233058,360.09034
Kraken,eth_usd,364.07,1601306449.265598,364.03,12.43765036,364.07,23.71849587,360.09069
Kraken,btc_eur,9367.5,1601306449.692633,9364.0,2.5,9367.5,0.00679387,9359.50028
Kraken,eth_usd,364.1,1601306450.461821,364.03,12.43765036,364.1,47.24616529,360.09105
Kraken,eth_usd,364.09,1601306452.14857,364.05,12.43765036,364.09,17.8528058,360.0914
Kraken,eth_eur,312.58,1601306455.247982,312.57,2.13653,312.58,21.7,309.71891
Kraken,btc_eur,9366.4,1601306455.648571,9364.5,2.0,9366.4,0.67760391,9359.5003
Kraken,btc_usd,10908.1,1601306457.186599,10908.0,0.78425267,10908.1,11.6066043,10891.61173
Kraken,eth_usd,363.96,1601306458.858574,363.96,6.28276473,363.98,0.34797331,360.09148
Kraken,btc_usd,10908.1,1601306461.766488,10908.0,0.78425267,10908.1,6.95487117,10891.61185
Kraken,btc_eur,9365.1,1601306463.053258,9364.8,0.03593929,9365.1,0.64000933,9359.50038
Kraken,eth_eur,312.5,1601306463.724171,312.49,3.96974513,312.5,3.91098194,309.71899
Kraken,btc_eur,9365.4,1601306464.514174,9365.0,0.03593929,9365.4,0.55894172,9359.50059
Kraken,eth_usd,363.97,1601306464.944632,363.95,20.61002614,363.97,0.20010874,360.09171
Kraken,btc_eur,9365.4,1601306464.960101,9365.0,0.03593929,9365.4,0.53569636,9359.50063
Kraken,eth_eur,312.5,1601306465.545842,312.5,9.88223299,312.51,4.57055194,309.719
Kraken,btc_eur,9365.4,1601306470.42027,9364.9,0.2,9365.4,0.32169636,9359.50098
Kraken,btc_eur,9365.4,1601306470.730033,9365.0,0.03593929,9365.4,0.26074768,9359.50108
Kraken,btc_eur,9366.2,1601306472.652225,9365.4,2.0,9366.2,0.15476438,9359.5025
Kraken,btc_eur,9366.2,1601306475.564477,9365.8,0.03593929,9366.2,0.14459738,9359.50251
Kraken,btc_eur,9366.8,1601306476.770916,9366.0,0.03593929,9366.8,0.84043652,9359.50584
Kraken,eth_eur,312.75,1601306478.289288,312.74,23.25716796,312.75,27.11131338,309.71938
Kraken,btc_usd,10908.1,1601306483.931018,10908.0,0.78425267,10908.1,17.91704111,10891.61264
Kraken,btc_eur,9366.1,1601306495.799143,9366.0,3.94922573,9366.1,0.9145865,9359.506
Kraken,btc_usd,10908.1,1601306496.664975,10908.0,1.4722659,10908.1,15.29923182,10891.61272
Kraken,btc_usd,10908.1,1601306505.331394,10908.0,1.98252177,10908.1,0.92187118,10891.61284
Kraken,btc_eur,9372.3,1601306507.103701,9371.8,2.03593929,9372.3,0.97864845,9359.50608
Kraken,btc_eur,9372.3,1601306507.113771,9371.8,0.03593929,9372.3,0.97553084,9359.50609
Kraken,btc_eur,9372.1,1601306513.484534,9372.0,3.22358468,9372.1,0.44340651,9359.50628
Kraken,btc_usd,10908.4,1601306514.966441,10908.4,0.39033058,10910.0,0.20439602,10891.61292
Kraken,btc_eur,9372.0,1601306517.016267,9372.0,1.15584228,9372.1,0.44340651,9359.50652
Kraken,eth_usd,364.19,1601306517.042513,364.19,44.13061541,364.2,5.67336309,360.09878
Kraken,eth_eur,312.75,1601306517.681972,312.74,26.38665413,312.75,134.01426068,309.71939
Kraken,btc_eur,9369.9,1601306524.688483,9369.1,2.68789185,9369.9,0.98296729,9359.50657
Kraken,btc_usd,10910.0,1601306525.853492,10909.9,0.7434091,10910.0,8.57310718,10891.61304
Kraken,btc_eur,9370.6,1601306531.030818,9370.6,1.99644,9370.7,1.0,9359.50658
Kraken,btc_eur,9370.1,1601306533.357306,9368.5,0.33,9370.1,0.996,9359.50659
Kraken,eth_eur,312.75,1601306537.973387,312.74,0.45082,312.75,140.58951648,309.71944
Kraken,btc_eur,9369.3,1601306541.301104,9369.0,2.0,9370.8,0.01796964,9359.50664
Kraken,btc_eur,9370.0,1601306542.211853,9370.0,1.91200496,9370.8,0.01796964,9359.50685
Kraken,btc_eur,9370.0,1601306545.576839,9370.0,1.80584196,9370.1,2.43970245,9359.50716
Kraken,btc_usd,10909.9,1601306546.88311,10909.9,0.45596819,10910.0,14.80293886,10891.61556
Kraken,btc_eur,9370.0,1601306548.679018,9370.0,1.75584196,9370.1,3.77580592,9359.50731
Kraken,eth_eur,312.75,1601306549.312866,312.74,0.45082,312.75,173.29917083,309.71947
Kraken,btc_eur,9370.0,1601306551.126698,9370.0,1.7198311,9370.1,3.75898482,9359.50742
Kraken,btc_eur,9370.1,1601306555.232197,9370.0,2.99373402,9370.1,0.4948132,9359.50748
Kraken,btc_eur,9370.1,1601306555.782234,9370.0,2.99373402,9370.1,0.47171777,9359.50755
Kraken,btc_eur,9370.1,1601306556.374716,9370.0,2.99373402,9370.1,0.448661,9359.50762
Kraken,btc_eur,9370.7,1601306556.665562,9370.0,2.99373402,9370.7,0.60700534,9359.50919
Kraken,btc_eur,9370.7,1601306556.72706,9370.0,2.99373402,9370.7,0.58787032,9359.50925
Kraken,btc_eur,9371.2,1601306557.20412,9370.0,2.6198311,9371.2,0.9762618,9359.50933
Kraken,btc_eur,9371.3,1601306557.673172,9370.0,2.6198311,9371.3,0.68063758,9359.5094
Kraken,btc_eur,9371.3,1601306558.124837,9370.0,2.6198311,9371.3,0.65815169,9359.50948
Kraken,btc_eur,9371.8,1601306558.579288,9370.4,0.895,9371.8,0.68294876,9359.50949
Kraken,btc_eur,9371.8,1601306559.04943,9370.9,2.0,9371.8,0.66020732,9359.50957
Kraken,btc_eur,9371.8,1601306559.536736,9370.9,2.0,9371.8,0.63707467,9359.50965
Kraken,btc_eur,9371.7,1601306559.993804,9370.9,2.0,9371.7,0.24868522,9359.50966
Kraken,btc_eur,9371.7,1601306560.484484,9370.9,2.0,9371.7,0.22289713,9359.50975
Kraken,btc_eur,9371.7,1601306560.645312,9370.9,2.0,9371.7,0.22077859,9359.50976
Kraken,btc_eur,9371.1,1601306561.478751,9370.9,2.0,9371.1,1.97683243,9359.50983
Kraken,btc_eur,9371.1,1601306562.602605,9370.9,2.0,9371.1,1.96432243,9359.50987
Kraken,btc_eur,9370.9,1601306562.767835,9370.9,1.949047,9371.1,1.96432243,9359.51003
Kraken,btc_eur,9371.1,1601306562.82472,9370.9,1.949047,9371.1,1.93836728,9359.51012
Kraken,btc_eur,9371.1,1601306563.262419,9371.0,0.865,9371.1,1.91932839,9359.51018
Kraken,btc_eur,9371.1,1601306563.56651,9371.0,2.865,9371.1,1.90782839,9359.51022
Kraken,btc_eur,9371.1,1601306564.459591,9371.0,2.865,9371.1,1.8833013,9359.51029
Kraken,btc_eur,9371.1,1601306565.072894,9371.0,2.865,9371.1,1.85905767,9359.51037
Kraken,btc_eur,9370.7,1601306570.985621,9370.0,1.7198311,9370.7,0.00580728,9359.51038
Kraken,btc_usd,10910.0,1601306572.03742,10909.9,0.41596819,10910.0,9.38108384,10891.61559
Kraken,btc_eur,9371.1,1601306572.695459,9370.0,1.7198311,9371.1,2.98169999,9359.51046
Kraken,btc_eur,9370.3,1601306573.503805,9370.0,1.7198311,9370.3,0.68796785,9359.51049
Kraken,btc_eur,9372.2,1601306574.196216,9370.2,2.0,9372.2,4.99631906,9359.5105
Kraken,btc_eur,9372.0,1601306574.647135,9370.2,2.0,9372.0,0.97999311,9359.51057
Kraken,btc_eur,9372.0,1601306575.108201,9370.2,2.0,9372.0,0.94985427,9359.51067
Kraken,btc_eur,9371.6,1601306575.632569,9371.2,2.0,9371.6,1.97760046,9359.51075
Kraken,btc_eur,9371.6,1601306576.058112,9371.2,2.0,9371.6,1.95886238,9359.51081
Kraken,eth_eur,312.75,1601306576.423557,312.74,2.5121,312.75,136.01293151,309.71948
Kraken,btc_eur,9371.6,1601306576.606724,9371.2,2.0,9371.6,1.9347577,9359.51089
Kraken,btc_eur,9371.6,1601306577.203635,9371.2,2.0,9371.6,1.93123227,9359.51091
Kraken,btc_eur,9371.6,1601306577.704156,9371.2,2.0,9371.6,1.90740119,9359.51099
Kraken,btc_eur,9371.6,1601306578.140816,9371.2,2.0,9371.6,1.88324021,9359.51107
Kraken,btc_eur,9371.6,1601306578.736486,9371.2,2.0,9371.6,1.87582521,9359.51109
Kraken,btc_eur,9371.6,1601306579.162123,9370.0,1.7198311,9371.6,3.85650446,9359.51116
Kraken,btc_eur,9371.6,1601306579.648607,9370.0,1.7198311,9371.6,3.83502877,9359.51123
Kraken,btc_eur,9371.6,1601306580.084287,9370.0,1.7198311,9371.6,8.81277178,9359.5113
Kraken,btc_eur,9371.6,1601306580.571801,9370.0,1.7198311,9371.6,8.80909703,9359.51132
Kraken,btc_eur,9371.5,1601306581.016215,9370.2,0.4,9371.5,0.97627104,9359.51139
Kraken,btc_eur,9370.2,1601306581.440261,9370.2,0.315062,9370.8,0.68799656,9359.51165
Kraken,btc_eur,9370.8,1601306581.463144,9370.2,0.315062,9370.8,0.66468464,9359.51172
Kraken,btc_eur,9370.8,1601306581.986266,9370.2,0.315062,9370.8,0.64332594,9359.51179
Kraken,btc_eur,9370.7,1601306582.411635,9370.2,0.315062,9370.7,0.24780134,9359.51179
Kraken,btc_eur,9370.7,1601306582.442702,9370.2,0.315062,9370.7,0.24425832,9359.51181
Kraken,btc_eur,9370.8,1601306583.459835,9370.2,0.315062,9370.8,0.61691795,9359.51189
Kraken,btc_eur,9370.8,1601306584.067265,9370.2,0.315062,9370.8,0.59322244,9359.51196
Kraken,btc_eur,9370.8,1601306584.089699,9370.2,0.315062,9370.8,0.58534297,9359.51199
Kraken,btc_eur,9370.8,1601306585.090301,9370.2,0.315062,9370.8,0.56159928,9359.51206
Kraken,btc_eur,9370.8,1601306585.642793,9370.2,0.315062,9370.8,0.53843604,9359.51213
Kraken,btc_eur,9370.3,1601306586.240597,9370.2,0.68129697,9370.3,1.97505924,9359.51221
Kraken,btc_eur,9370.3,1601306587.120111,9370.2,0.815062,9370.3,2.64450781,9359.51226
Kraken,btc_eur,9370.3,1601306587.734094,9370.2,0.815062,9370.3,2.62169756,9359.51233
Kraken,btc_eur,9370.3,1601306588.532518,9370.2,0.815062,9370.3,2.60168394,9359.51239
Kraken,btc_eur,9370.3,1601306589.045757,9370.2,0.93,9370.3,2.5729002,9359.51248
Kraken,btc_eur,9370.3,1601306589.519887,9370.2,0.5,9370.3,2.56669655,9359.5125
Kraken,btc_eur,9370.3,1601306590.011681,9370.2,0.5,9370.3,7.54462347,9359.51256
Kraken,btc_eur,9370.2,1601306590.012392,9370.2,0.48200128,9370.3,7.54462347,9359.51262
Kraken,btc_eur,9370.3,1601306590.732402,9370.2,3.15700128,9370.3,6.85333879,9359.51263
Kraken,btc_eur,9370.3,1601306591.37543,9370.2,3.15700128,9370.3,6.82926846,9359.5127
Kraken,btc_eur,9370.3,1601306591.741779,9370.2,3.15700128,9370.3,6.79475034,9359.5128
Kraken,btc_eur,9370.3,1601306591.949352,9370.2,3.15700128,9370.3,6.78781643,9359.51282
Kraken,btc_eur,9370.3,1601306592.484898,9370.2,3.84479159,9370.3,6.76582602,9359.51289
Kraken,btc_usd,10909.9,1601306593.580711,10909.9,0.0985985,10910.0,8.90461857,10891.62442
Kraken,btc_eur,9370.3,1601306593.609311,9370.2,3.15700128,9370.3,6.74498691,9359.51295
Kraken,btc_eur,9370.3,1601306594.068731,9370.2,3.15700128,9370.3,7.22293937,9359.51302
Kraken,btc_eur,9370.3,1601306594.718652,9370.2,3.15700128,9370.3,7.18662533,9359.51313
Kraken,btc_eur,9370.3,1601306595.232134,9370.2,3.15700128,9370.3,7.16467563,9359.51319
Kraken,btc_eur,9370.3,1601306595.585183,9370.2,3.15700128,9370.3,7.14181203,9359.51326
Kraken,btc_eur,9370.3,1601306596.052243,9370.2,3.15700128,9370.3,7.11887194,9359.51333
Kraken,btc_eur,9370.3,1601306596.541925,9370.2,3.15700128,9370.3,7.09758891,9359.51339
Kraken,btc_eur,9370.3,1601306596.691046,9370.2,3.15700128,9370.3,6.89039391,9359.51402
Kraken,btc_eur,9370.3,1601306597.011247,9370.2,3.15700128,9370.3,6.86712294,9359.51409
Kraken,eth_eur,312.75,1601306597.089189,312.74,5.94128,312.75,128.14874558,309.71961
Kraken,btc_eur,9370.3,1601306597.514208,9370.2,3.15700128,9370.3,6.86112604,9359.5141
Kraken,btc_usd,10908.9,1601306597.949377,10908.9,0.64887548,10910.0,9.12354857,10891.62475
Kraken,btc_eur,9370.3,1601306598.490193,9370.2,2.75700128,9370.3,6.83625058,9359.51418
Kraken,btc_eur,9370.3,1601306598.982628,9370.2,2.75700128,9370.3,6.81522401,9359.51424
Kraken,btc_eur,9370.2,1601306601.332504,9370.2,0.47430258,9370.3,7.95532933,9359.51426
Kraken,btc_usd,10908.1,1601306601.684411,10908.0,0.04084357,10908.1,3.9735767,10891.62633
Kraken,btc_eur,9370.3,1601306602.547004,9370.2,0.47430258,9370.3,8.12533683,9359.5145
Kraken,btc_eur,9370.3,1601306602.684232,9370.2,0.47430258,9370.3,8.10470646,9359.51457
Kraken,btc_eur,9370.3,1601306603.638542,9370.2,0.47430258,9370.3,10.10144654,9359.51458
Kraken,btc_eur,9370.3,1601306604.26971,9370.2,0.47430258,9370.3,10.39134869,9359.51464
Kraken,btc_eur,9370.3,1601306604.801468,9370.2,0.47430258,9370.3,10.36783309,9359.51472
Kraken,eth_eur,312.74,1601306604.961827,312.73,2.35557,312.74,47.52199484,309.71982
Kraken,btc_eur,9370.3,1601306605.459099,9370.2,0.47430258,9370.3,8.33814601,9359.5148
Kraken,btc_eur,9370.3,1601306605.93673,9370.2,0.47430258,9370.3,8.31563075,9359.51487
Kraken,btc_eur,9370.3,1601306606.373964,9370.2,0.47430258,9370.3,8.28757857,9359.51496
Kraken,btc_eur,9370.3,1601306606.809202,9370.2,0.47430258,9370.3,8.25553541,9359.51505
Kraken,btc_eur,9370.3,1601306607.282448,9370.2,0.47430258,9370.3,8.2505204,9359.51507
Kraken,btc_eur,9370.3,1601306607.921625,9370.2,0.47430258,9370.3,8.28339287,9359.51513
Kraken,btc_eur,9370.3,1601306608.428388,9370.2,0.47430258,9370.3,8.26163735,9359.5152
Kraken,eth_eur,312.71,1601306608.703756,312.7,2.29132,312.72,54.84610001,309.72012
Kraken,btc_eur,9370.3,1601306608.859181,9370.2,0.47430258,9370.3,8.23421594,9359.51528
Kraken,btc_eur,9370.3,1601306610.864727,9370.2,0.47430258,9370.3,8.20746395,9359.51536
Kraken,btc_usd,10908.1,1601306611.244441,10908.0,0.04084357,10908.1,10.72844087,10891.62634
Kraken,btc_eur,9370.3,1601306611.731431,9370.2,0.47430258,9370.3,8.18698916,9359.51542
Kraken,btc_usd,10908.1,1601306613.272237,10908.0,0.04084357,10908.1,10.68315428,10891.62635
Kraken,btc_eur,9370.3,1601306615.254121,9370.2,0.47430258,9370.3,10.18301044,9359.51543
Kraken,btc_eur,9370.3,1601306620.027979,9370.2,0.47430258,9370.3,8.12366156,9359.51545
Kraken,btc_eur,9370.0,1601306626.322257,9370.0,1.71688856,9370.1,3.20982516,9359.51546
Kraken,btc_eur,9370.1,1601306629.270668,9370.0,1.71688856,9370.1,8.12036828,9359.51572
Kraken,eth_eur,312.69,1601306629.978216,312.68,3.79555175,312.69,3.94076694,309.72016
Kraken,btc_usd,10899.9,1601306634.168826,10899.9,0.6867354,10908.1,19.28120616,10891.63909
Kraken,eth_usd,364.01,1601306634.863356,364.0,39.41600062,364.01,44.65341525,360.09879
Kraken,btc_usd,10900.7,1601306636.100407,10900.6,5.0,10903.2,0.00676351,10891.6423
Kraken,btc_eur,9370.0,1601306640.055703,9370.0,2.87636157,9370.1,16.79123651,9359.51572
Kraken,eth_usd,364.01,1601306642.87969,364.0,194.63555783,364.01,43.2419403,360.09897
Kraken,eth_usd,364.01,1601306643.016783,364.0,211.1006263,364.19,5.90713242,360.10436
Kraken,btc_eur,9370.1,1601306644.188155,9370.0,3.76636157,9370.1,16.15967401,9359.51573
Kraken,btc_eur,9370.1,1601306648.17605,9370.0,6.26505316,9370.1,9.79376675,9359.51604
Kraken,btc_usd,10905.1,1601306649.4983,10905.1,0.36459334,10906.6,2.90776525,10891.64623
Kraken,eth_eur,312.7,1601306651.614901,312.69,112.85613668,312.7,64.11560993,309.721
Kraken,btc_eur,9370.0,1601306653.504641,9370.0,5.82563519,9370.1,9.79376675,9359.51605
Kraken,eth_eur,312.7,1601306658.766889,312.69,103.84891473,312.7,63.74497953,309.72105
Kraken,eth_eur,312.7,1601306659.216457,312.69,126.06891473,312.7,63.68937717,309.72105
Kraken,eth_usd,364.2,1601306660.262462,364.19,185.58794296,364.2,1.2227652,360.10441
Kraken,eth_eur,312.69,1601306667.120225,312.69,177.92463884,312.7,63.68937717,309.72109
Kraken,eth_eur,312.7,1601306670.984632,312.69,161.92463884,312.7,63.46551717,309.72112
Kraken,btc_eur,9370.1,1601306673.286491,9370.0,3.82563519,9370.1,7.10189284,9359.52212
Kraken,btc_eur,9370.0,1601306674.030159,9370.0,3.82072519,9370.1,7.10189284,9359.52214
Kraken,btc_eur,9370.1,1601306677.270779,9370.0,3.85666448,9370.1,7.11911137,9359.52226
Kraken,eth_eur,312.7,1601306678.005325,312.69,160.43018787,312.7,63.03551717,309.72118
Kraken,btc_eur,9370.1,1601306681.945197,9370.0,5.85666448,9370.1,7.06911137,9359.52241
Kraken,eth_usd,364.2,1601306682.269045,364.19,194.81349294,364.4,0.0307563,360.10457
Kraken,eth_eur,312.7,1601306682.512728,312.69,169.43740982,312.7,8.55311717,309.72832
Kraken,btc_usd,10906.4,1601306686.523473,10906.4,0.46,10906.5,0.128,10891.64652
Kraken,btc_eur,9370.1,1601306687.65531,9370.0,5.85666448,9370.1,7.03698937,9359.5225
Kraken,eth_eur,312.69,1601306687.774575,312.69,184.77531664,312.7,8.55311717,309.72845
Kraken,eth_eur,312.7,1601306689.735081,312.69,201.7180144,312.75,25.40459522,309.72957
Kraken,btc_usd,10906.5,1601306690.3279,10906.4,0.46,10906.5,0.09301789,10891.64676
Kraken,eth_usd,364.41,1601306691.711194,364.39,202.46296271,364.41,0.0093568,360.1055
Kraken,eth_usd,364.4,1601306691.849473,364.4,89.11608704,364.41,0.0093568,360.1055
Kraken,eth_eur,312.75,1601306692.787517,312.74,133.05420166,312.75,11.69441394,309.73139
Kraken,eth_eur,312.75,1601306692.92295,312.74,134.75420166,312.86,0.18,309.73294
Kraken,eth_usd,364.5,1601306698.043555,364.4,164.11143286,364.5,0.0093568,360.10616
Kraken,btc_usd,10906.5,1601306700.704074,10906.4,3.71976527,10906.5,0.09058537,10891.64678
Kraken,eth_eur,312.9,1601306701.119699,312.85,232.26756337,312.95,99.23170189,309.73311
Kraken,btc_eur,9370.1,1601306701.551953,9370.0,6.25666448,9370.1,7.02242116,9359.52254
Kraken,btc_eur,9370.1,1601306701.752093,9370.0,6.25666448,9370.1,7.01737016,9359.52256
Kraken,btc_usd,10906.5,1601306704.572139,10906.4,0.46,10906.5,0.79734888,10891.64749
Kraken,btc_eur,9370.1,1601306705.099799,9370.0,2.86797289,9370.1,7.39180424,9359.52266
Kraken,eth_usd,364.5,1601306715.443658,364.49,205.53862957,364.5,0.0093568,360.10633
Kraken,eth_usd,364.5,1601306715.732785,364.49,222.73862957,364.83,0.0658545,360.10633
Kraken,eth_usd,364.82,1601306716.662463,364.82,117.665,364.83,0.0658545,360.10685
Kraken,eth_eur,312.95,1601306717.005069,312.94,245.70520121,312.95,97.42616985,309.73336
Kraken,eth_eur,312.95,1601306719.317641,312.94,264.71242316,312.95,137.69594727,309.73338
Kraken,eth_eur,312.95,1601306719.412041,312.94,264.71242316,312.95,137.63564722,309.73339
Kraken,btc_eur,9370.0,1601306720.373351,9370.0,2.93797289,9370.1,14.32819885,9359.52295
Kraken,eth_usd,364.83,1601306730.325522,364.82,221.31363017,364.83,0.2858545,360.10701
Kraken,eth_eur,312.95,1601306731.212154,312.94,259.81597885,312.95,136.3325626,309.73358
Kraken,eth_usd,364.82,1601306731.365264,364.82,220.01054555,364.83,0.2858545,360.1072
Kraken,eth_eur,312.95,1601306732.604445,312.94,268.8232008,312.95,133.84215884,309.73393
Kraken,btc_eur,9370.1,1601306733.38661,9370.0,2.76797289,9370.1,19.06445855,9359.52319
Kraken,eth_eur,312.95,1601306733.882753,312.94,268.8232008,312.95,123.84215884,309.73534
Kraken,btc_eur,9370.0,1601306734.050088,9370.0,3.17320509,9370.1,19.06445855,9359.52321
Kraken,eth_usd,364.91,1601306734.123414,364.91,2.496277,364.97,1.79845599,360.10873
Kraken,eth_eur,312.95,1601306734.171925,312.94,269.18339076,312.95,117.86516571,309.73618
Kraken,eth_usd,364.93,1601306734.348494,364.93,24.02300687,364.97,1.79845599,360.10965
Kraken,eth_eur,312.95,1601306736.603224,312.94,270.84951026,312.95,116.67375927,309.73635
Kraken,eth_usd,364.94,1601306736.77109,364.94,19.65480585,364.95,31.79845599,360.10983
Kraken,eth_eur,312.95,1601306739.476561,312.94,261.84228831,312.95,115.61041026,309.7365
Kraken,eth_usd,364.94,1601306739.661447,364.94,52.73918434,364.96,1.79845599,360.11
Kraken,btc_usd,10906.4,1601306740.652076,10906.4,0.435,10906.5,5.96903313,10891.64767
Kraken,eth_eur,312.95,1601306741.856402,312.94,246.84228831,312.95,114.76120272,309.73662
Kraken,eth_eur,312.95,1601306742.521566,312.94,246.84228831,312.95,104.76120272,309.73803
Kraken,eth_usd,364.94,1601306742.681642,364.94,85.23918434,364.95,1.2,360.11153
Kraken,eth_eur,312.95,1601306742.73846,312.94,246.84228831,312.95,103.7565915,309.73817
Kraken,eth_usd,364.94,1601306742.986492,364.94,84.23457312,364.95,1.2,360.11169
Kraken,eth_eur,312.95,1601306748.64742,312.94,250.84228831,312.95,102.0808283,309.73841
Kraken,eth_eur,312.95,1601306749.616506,312.94,250.84228831,312.95,98.94390455,309.73885
Kraken,btc_eur,9370.1,1601306750.341582,9370.0,2.75820509,9370.1,19.79083548,9359.52381
Kraken,btc_eur,9370.0,1601306757.739482,9370.0,2.66281713,9370.1,20.09783548,9359.52409
Kraken,eth_eur,312.95,1601306757.744255,312.94,235.84228831,312.95,96.08790455,309.73925
Kraken,eth_eur,312.95,1601306758.093429,312.94,235.84228831,312.95,86.08790455,309.74066
Kraken,btc_eur,9370.0,1601306758.411854,9370.0,2.61493106,9370.1,19.81105855,9359.52423
Kraken,eth_eur,312.95,1601306758.712537,312.94,235.84228831,312.95,84.65735809,309.74086
Kraken,btc_eur,9370.0,1601306759.319145,9370.0,2.47127284,9370.1,20.09785527,9359.52465
Kraken,btc_eur,9370.0,1601306759.491676,9370.0,2.42338677,9370.1,20.09785527,9359.52479
Kraken,btc_eur,9370.0,1601306759.545268,9370.0,2.35323166,9370.1,20.09785527,9359.52499
Kraken,eth_eur,312.95,1601306759.566991,312.94,250.84228831,312.95,83.22681163,309.74106
Kraken,btc_usd,10906.4,1601306759.836776,10905.8,0.68798811,10906.5,8.76752161,10891.65074
Kraken,btc_eur,9370.0,1601306759.988223,9370.0,1.88262018,9370.1,20.09785527,9359.52636
Kraken,eth_eur,312.95,1601306760.061219,312.94,250.84228831,312.95,82.93356545,309.7411
Kraken,btc_eur,9370.0,1601306760.433729,9370.0,1.57000295,9370.1,20.59785527,9359.52727
Kraken,eth_eur,312.95,1601306760.566,312.94,225.84228831,312.95,78.64192608,309.74171
Kraken,btc_eur,9370.0,1601306760.817746,9365.3,0.1084,9370.1,20.99785527,9359.53183
Kraken,btc_eur,9364.7,1601306761.216532,9364.7,0.26664732,9370.0,0.02999705,9359.53204
Kraken,btc_eur,9364.7,1601306761.587825,9364.7,0.24394231,9369.3,1.0,9359.53207
Kraken,btc_eur,9363.8,1601306762.217149,9363.8,0.0135177,9363.9,0.50458314,9359.53212
Kraken,btc_eur,9363.9,1601306762.83776,9363.8,0.0135177,9363.9,1.59414906,9359.53212
Kraken,btc_eur,9359.3,1601306762.895224,9359.3,0.77504332,9363.9,1.59414906,9359.53214
Kraken,btc_eur,9359.7,1601306763.439981,9359.7,1.95718499,9361.8,0.68824704,9359.53214
Kraken,btc_eur,9361.6,1601306763.921453,9361.6,2.3656174,9361.7,1.035,9359.53222
Kraken,btc_eur,9361.7,1601306764.326297,9361.6,2.5,9361.7,1.01760633,9359.53223
Kraken,btc_eur,9361.6,1601306764.538727,9361.6,2.43959846,9361.7,1.01760633,9359.53227
Kraken,btc_eur,9361.6,1601306765.161635,9361.6,2.44650753,9361.7,1.01760633,9359.5323
Kraken,btc_eur,9361.6,1601306765.69203,9361.6,0.50958852,9361.7,1.01760633,9359.53234
Kraken,btc_eur,9361.6,1601306766.164442,9361.6,0.39733746,9361.7,1.01760633,9359.53245
Kraken,btc_eur,9361.7,1601306766.245793,9361.6,0.39733746,9361.7,0.9858143,9359.53246
Kraken,btc_eur,9361.6,1601306766.819618,9361.6,0.33400484,9361.7,1.67406134,9359.5325
Kraken,btc_eur,9361.6,1601306767.319532,9361.6,0.30032495,9361.7,1.67406134,9359.53252
Kraken,btc_eur,9361.6,1601306767.784381,9361.6,0.1880974,9361.7,1.67406134,9359.53258
Kraken,btc_eur,9361.6,1601306768.436317,9361.6,0.07209273,9361.7,1.67406134,9359.53265
Kraken,btc_eur,9359.5,1601306769.017606,9359.5,0.06076338,9361.7,1.67406134,9359.53269
Kraken,btc_eur,9361.4,1601306776.511186,9361.4,0.48587642,9361.5,1.67404985,9359.53269
Kraken,eth_eur,312.95,1601306777.693029,312.84,6.0,312.95,122.58269302,309.74241
Kraken,btc_usd,10899.2,1601306783.624795,10898.7,0.4,10899.2,0.7442861,10891.6508
Kraken,btc_eur,9360.7,1601306784.908513,9360.7,0.3714203,9360.8,1.82440819,9359.5327
Kraken,btc_eur,9360.8,1601306787.978395,9360.7,0.7714203,9360.8,1.96988419,9359.5327
Kraken,eth_usd,364.59,1601306788.619858,364.58,35.89264077,364.59,0.20399823,360.11173
Kraken,btc_usd,10899.1,1601306788.835989,10899.0,0.504524,10899.1,0.66514031,10891.65095
Kraken,btc_eur,9360.8,1601306791.561206,9360.7,0.7714203,9360.8,1.80385581,9359.53271
Kraken,eth_usd,364.58,1601306794.123394,364.51,6.97,364.59,27.08544714,360.11179
Kraken,eth_eur,312.9,1601306795.250103,312.9,42.96928576,312.91,44.49699273,309.74243
Kraken,btc_eur,9360.7,1601306801.3552,9360.7,0.41923221,9360.8,2.17416955,9359.53271
Kraken,eth_usd,364.52,1601306802.412858,364.52,28.975,364.63,18.24254346,360.11193
Kraken,btc_eur,9360.8,1601306806.895405,9360.7,2.5,9360.8,2.07800955,9359.53274
Kraken,btc_eur,9358.5,1601306814.583975,9358.5,0.8775904,9360.8,1.67416955,9359.53341
Kraken,btc_eur,9360.8,1601306814.970252,9358.5,0.8775904,9360.8,1.66621711,9359.53342
Kraken,btc_usd,10899.5,1601306821.187648,10899.4,1.31747883,10899.5,0.65202076,10891.65225
Kraken,eth_eur,312.87,1601306826.629131,312.8,1.77100653,312.87,33.94529846,309.74245
Kraken,btc_eur,9358.1,1601306828.164435,9356.9,0.001,9358.1,3.42434603,9359.53332
Kraken,eth_eur,312.78,1601306831.713538,312.77,33.77120775,312.78,15.5,309.74251
Kraken,eth_eur,312.77,1601306832.46177,312.77,39.27940706,312.78,19.5180327,309.74258
Kraken,btc_eur,9357.0,1601306837.126352,9356.6,0.49,9357.0,1.11921784,9359.53328
Kraken,btc_eur,9356.7,1601306837.512366,9356.6,0.49,9356.7,0.497074,9359.53328
Kraken,eth_eur,312.78,1601306840.008538,312.77,1.50819931,312.78,89.84494591,309.74259
Kraken,btc_eur,9356.1,1601306846.508908,9356.0,0.05139153,9356.1,0.40779406,9359.53326
Kraken,btc_eur,9356.1,1601306852.580735,9356.0,4.03593929,9356.1,0.49756521,9359.53325
Kraken,btc_eur,9356.1,1601306861.238135,9356.0,4.0,9356.1,0.52855014,9359.5328
Kraken,btc_eur,9356.1,1601306861.418527,9356.0,4.0,9356.1,0.42917014,9359.53271
Kraken,btc_eur,9356.7,1601306863.690368,9356.7,1.13093929,9356.8,0.09924,9359.53137
Kraken,btc_eur,9356.7,1601306864.147752,9356.7,1.11270472,9356.9,0.68857692,9359.53136
Kraken,btc_usd,10899.4,1601306867.20993,10899.4,0.3771888,10899.5,6.11429685,10891.65226
Kraken,btc_eur,9355.1,1601306876.351681,9355.0,0.17239686,9355.1,0.08391079,9359.53085
Kraken,eth_usd,364.51,1601306880.255115,364.5,3.79663295,364.51,19.08407558,360.11214
Kraken,btc_eur,9356.7,1601306880.538083,9356.6,2.51796964,9356.7,0.67551969,9359.53084
Kraken,btc_eur,9356.7,1601306881.039355,9356.6,2.51796964,9356.7,0.67023168,9359.53083
Kraken,eth_usd,364.51,1601306882.795505,364.5,3.79663295,364.51,56.34753488,360.11242
Kraken,btc_eur,9356.6,1601306882.81818,9356.6,2.76912612,9356.7,0.67023168,9359.53057
Kraken,btc_eur,9356.6,1601306884.788675,9356.6,0.7932337,9356.7,1.17023168,9359.53056
Kraken,btc_eur,9356.6,1601306885.158815,9356.6,0.79114125,9356.7,1.17023168,9359.53056
Kraken,btc_eur,9356.7,1601306888.667964,9356.6,0.57283005,9356.7,1.5556192,9359.53055
Kraken,eth_eur,312.77,1601306891.923763,312.76,59.86853079,312.77,43.6249659,309.74269
Kraken,btc_eur,9356.6,1601306895.521797,9356.6,0.52779536,9356.7,1.5556192,9359.53052
Kraken,btc_usd,10904.9,1601307167.897248,10904.9,0.4268992,10905.0,7.96453609,10891.67782
Kraken,btc_eur,9367.2,1601307167.898451,9367.0,0.0077353,9367.2,2.07443731,9359.53542
Kraken,eth_usd,364.5,1601307167.898936,364.42,2.65719218,364.51,232.47561212,360.13361
Kraken,eth_eur,313.1,1601307167.899341,313.1,0.67908453,313.18,75.1261454,309.75811
Kraken,btc_eur,9367.2,1601307168.209548,9367.1,0.7127353,9367.2,2.05179839,9359.53547
Kraken,btc_eur,9367.2,1601307168.646465,9367.1,0.7127353,9367.2,2.02835378,9359.53552
Kraken,btc_eur,9367.1,1601307168.929194,9367.1,0.7034853,9367.2,2.02835378,9359.53553
Kraken,btc_eur,9367.2,1601307169.151013,9367.1,0.7034853,9367.2,2.00307904,9359.53559
Kraken,btc_eur,9367.2,1601307169.981235,9367.1,0.7034853,9367.2,1.97621359,9359.53564
Kraken,btc_eur,9367.1,1601307171.372425,9367.1,2.64731346,9367.2,1.97621359,9359.53576
Kraken,btc_eur,9367.2,1601307173.404922,9367.1,0.64731346,9367.2,2.20183905,9359.53581
Kraken,btc_eur,9367.2,1601307173.919055,9366.1,0.68803095,9367.2,2.18305187,9359.53585
Kraken,eth_usd,364.78,1601307173.985045,364.78,68.29663295,364.79,10.0,360.13508
Kraken,btc_eur,9367.2,1601307175.029787,9366.1,0.68803095,9367.2,2.16001298,9359.5359
Kraken,btc_eur,9366.1,1601307175.388212,9366.1,0.63129999,9367.2,1.91001298,9359.536
Kraken,btc_eur,9367.2,1601307175.449018,9366.1,0.63129999,9367.2,1.88570778,9359.53605
Kraken,btc_eur,9367.2,1601307176.215954,9366.6,0.0077353,9367.2,1.86476584,9359.53609
Kraken,btc_eur,9367.9,1601307176.674896,9366.6,0.0077353,9367.9,0.00278953,9359.53615
Kraken,btc_eur,9367.5,1601307177.136259,9366.7,0.0077353,9367.5,0.21129569,9359.53619
Kraken,btc_eur,9367.5,1601307177.71058,9366.6,2.0,9367.5,0.22736927,9359.53624
Kraken,btc_eur,9366.6,1601307177.958047,9366.6,1.92646617,9367.5,0.22736927,9359.53638
Kraken,btc_eur,9367.5,1601307178.259695,9366.7,0.175,9367.5,0.22265417,9359.53639
Kraken,btc_eur,9367.6,1601307178.794526,9366.7,0.175,9367.6,1.97826318,9359.53644
Kraken,btc_eur,9367.6,1601307179.241437,9366.7,0.175,9367.6,1.95629736,9359.53649
Kraken,eth_eur,313.25,1601307179.478038,313.25,18.35164076,313.29,3.275,309.75844
Kraken,btc_eur,9367.4,1601307179.76389,9366.7,0.175,9367.4,0.66525482,9359.53654
Kraken,btc_eur,9366.8,1601307180.380476,9366.1,0.63129999,9366.8,0.07826076,9359.53656
Kraken,btc_eur,9367.4,1601307180.763528,9366.1,0.63129999,9367.4,0.64203723,9359.53661
Kraken,btc_eur,9367.4,1601307181.195612,9365.7,0.68804369,9367.4,0.6119236,9359.53667
Kraken,btc_eur,9367.4,1601307181.649265,9365.7,0.68804369,9367.4,2.60571201,9359.53675
Kraken,btc_eur,9367.0,1601307182.153399,9366.5,0.68804212,9367.0,0.00510121,9359.53679
Kraken,btc_eur,9367.0,1601307182.760598,9366.9,2.0,9367.0,0.22195026,9359.53685
Kraken,btc_eur,9367.0,1601307183.315579,9366.9,2.0,9367.0,0.19770104,9359.5369
Kraken,btc_eur,9367.0,1601307183.358431,9366.9,2.0,9367.0,0.1875241,9359.53692
Kraken,btc_eur,9367.1,1601307183.740254,9366.9,2.0,9367.1,1.99279065,9359.53694
Kraken,btc_usd,10905.0,1601307185.330579,10904.9,1.28509784,10905.0,7.04816936,10891.67785
Kraken,btc_eur,9368.2,1601307189.860524,9367.8,0.03338868,9368.2,0.52816725,9359.53699
Kraken,btc_eur,9368.2,1601307190.294151,9367.8,0.03338868,9368.2,0.50757598,9359.53704
Kraken,btc_eur,9368.7,1601307197.673834,9368.1,0.29838868,9368.7,0.22648758,9359.5371
Kraken,eth_eur,313.3,1601307199.892326,313.29,74.71185803,313.3,0.56316322,309.75863
Kraken,btc_usd,10904.9,1601307206.54951,10904.9,2.37876323,10905.0,2.62009188,10891.67802
Kraken,btc_eur,9368.7,1601307206.779055,9368.4,0.39838868,9368.7,1.96096029,9359.5372
Kraken,btc_eur,9368.7,1601307207.439839,9368.4,0.39838868,9368.7,1.95778908,9359.53721
Kraken,btc_eur,9368.7,1601307207.981563,9368.4,0.39838868,9368.7,1.95369651,9359.53722
Kraken,btc_eur,9368.7,1601307208.280505,9368.4,0.39838868,9368.7,1.94193451,9359.53725
Kraken,btc_eur,9368.7,1601307208.861572,9368.5,0.725,9368.7,1.91989745,9359.5373
Kraken,btc_eur,9368.7,1601307209.351377,9368.6,2.03338868,9368.7,1.89385866,9359.53737
Kraken,btc_eur,9368.7,1601307209.857455,9368.6,3.02838868,9368.7,1.87506368,9359.53741
Kraken,btc_eur,9368.7,1601307210.415503,9368.6,3.02838868,9368.7,1.8524822,9359.53747
Kraken,btc_eur,9368.7,1601307211.08565,9368.6,3.02838868,9368.7,1.84888787,9359.53748
Kraken,btc_eur,9368.7,1601307211.861473,9368.6,3.02838868,9368.7,1.89311814,9359.5375
Kraken,btc_eur,9368.7,1601307212.277519,9368.6,3.02838868,9368.7,1.87226879,9359.53755
Kraken,btc_eur,9368.7,1601307212.698748,9368.6,3.02838868,9368.7,1.84819727,9359.53761
Kraken,btc_eur,9368.7,1601307213.139402,9368.6,3.02838868,9368.7,1.82067885,9359.53768
Kraken,btc_eur,9368.7,1601307213.978822,9368.6,3.02838868,9368.7,1.79866013,9359.53774
Kraken,btc_eur,9368.7,1601307214.533885,9368.6,3.02838868,9368.7,1.77446413,9359.5378
Kraken,btc_eur,9368.7,1601307214.962996,9368.6,3.02838868,9368.7,1.7538423,9359.53785
Kraken,btc_eur,9368.7,1601307215.757752,9368.6,3.02838868,9368.7,1.74841559,9359.53787
Kraken,btc_eur,9368.7,1601307216.410229,9368.6,3.02838868,9368.7,1.72633683,9359.53792
Kraken,btc_eur,9368.7,1601307217.070896,9368.6,3.02838868,9368.7,1.70206037,9359.53798
Kraken,btc_eur,9368.7,1601307217.33316,9368.6,3.02838868,9368.7,1.67921934,9359.53804
Kraken,btc_eur,9368.7,1601307217.942817,9368.6,3.02838868,9368.7,1.97936805,9359.53811
Kraken,btc_eur,9368.6,1601307217.988582,9368.6,3.01236268,9368.7,1.97936805,9359.53815
Kraken,btc_eur,9368.7,1601307218.839583,9368.6,3.01236268,9368.7,1.95627855,9359.5382
Kraken,btc_eur,9368.7,1601307219.280084,9368.6,3.01236268,9368.7,1.92998926,9359.53827
Kraken,btc_eur,9368.7,1601307220.066463,9368.6,3.01236268,9368.7,1.90790911,9359.53833
Kraken,btc_eur,9368.7,1601307222.135093,9368.6,3.01236268,9368.7,1.87759757,9359.5384
Kraken,btc_eur,9368.7,1601307223.168342,9366.3,0.11434,9368.7,2.67749896,9359.53847
Kraken,btc_eur,9368.6,1601307224.287122,9365.0,0.17239686,9368.6,1.00210722,9359.53849
Kraken,btc_eur,9368.6,1601307224.944075,9365.0,0.17239686,9368.6,0.99393971,9359.53854
Kraken,btc_eur,9367.0,1601307225.683681,9365.0,0.17239686,9367.0,0.6669647,9359.53858
Kraken,btc_usd,10905.0,1601307225.738964,10904.9,1.41561998,10905.0,6.48105288,10891.67822
Kraken,btc_usd,10904.9,1601307226.56716,10904.9,0.62797897,10905.0,6.66054315,10891.68428
Kraken,btc_eur,9367.0,1601307226.619066,9365.9,2.0,9367.0,0.64317365,9359.53863
Kraken,btc_eur,9366.9,1601307227.311342,9365.9,2.0,9366.9,0.50196136,9359.53864
Kraken,eth_eur,313.28,1601307227.480709,313.28,1.12410595,313.29,85.79545256,309.7587
Kraken,btc_eur,9366.7,1601307227.957249,9366.0,0.495,9366.7,0.50067526,9359.53865
Kraken,btc_eur,9366.5,1601307231.847682,9366.0,0.495,9366.5,0.4927197,9359.53866
Kraken,btc_eur,9366.5,1601307232.332533,9366.4,2.0,9366.5,0.47598288,9359.53871
Kraken,btc_eur,9366.5,1601307232.773447,9366.4,2.0,9366.5,0.44621281,9359.53875
Kraken,btc_eur,9366.5,1601307233.871807,9366.1,0.735,9366.5,1.34078711,9359.53876
Kraken,btc_eur,9366.5,1601307234.392639,9365.3,0.4,9366.5,3.32081634,9359.5388
Kraken,btc_eur,9365.7,1601307235.690563,9365.3,0.4,9365.7,0.24598417,9359.53881
Kraken,btc_eur,9365.3,1601307235.983384,9365.3,0.39474,9365.6,0.5,9359.53882
Kraken,btc_eur,9365.4,1601307241.460595,9365.3,2.39474,9365.4,1.14060487,9359.53883
Kraken,btc_eur,9365.4,1601307243.915609,9365.3,2.4,9365.4,1.11001729,9359.53888
Kraken,btc_eur,9365.3,1601307244.350444,9365.3,2.39635833,9365.4,1.10562219,9359.53889
Kraken,btc_eur,9365.4,1601307244.583704,9365.3,2.39635833,9365.4,1.11328033,9359.53894
Kraken,btc_usd,10905.0,1601307244.893527,10904.9,0.001,10905.0,8.42364511,10891.68446
Kraken,btc_eur,9365.4,1601307245.184315,9365.3,2.69135833,9365.4,0.90920003,9359.53932
Kraken,btc_eur,9365.8,1601307246.909552,9365.7,2.0,9365.8,1.99619248,9359.53933
Kraken,btc_eur,9365.8,1601307247.428813,9365.7,2.0,9365.8,1.99299433,9359.53933
Kraken,btc_usd,10904.8,1601307249.584889,10904.8,0.68382626,10905.0,8.29064511,10891.68449
Kraken,btc_eur,9365.8,1601307251.062521,9365.7,2.435,9365.8,1.98817948,9359.53934
Kraken,eth_usd,364.44,1601307253.955997,364.43,0.29277517,364.44,79.98145304,360.1351
Kraken,btc_eur,9365.8,1601307259.658902,9365.7,2.63462097,9365.8,1.78594091,9359.53971
Kraken,eth_eur,312.89,1601307260.888166,312.81,2.0,312.89,0.9599104,309.75885
Kraken,btc_usd,10904.9,1601307265.533659,10904.9,2.83542001,10905.0,1.57009506,10891.68657
Kraken,btc_usd,10905.0,1601307266.973948,10904.9,3.16463989,10905.0,2.10359569,10891.68658
Kraken,btc_eur,9370.0,1601307268.167589,9368.9,0.03462097,9370.0,0.051552,9359.53972
Kraken,btc_eur,9370.0,1601307268.17755,9368.9,0.03462097,9370.0,0.04898395,9359.53972
Kraken,btc_eur,9369.8,1601307271.221841,9369.2,0.625,9369.8,0.2169964,9359.53982
Kraken,eth_usd,364.27,1601307273.911823,364.27,5.00680882,364.44,48.81704958,360.13515
Kraken,btc_eur,9369.4,1601307274.856061,9369.2,0.625,9369.4,0.23387523,9359.53986
Kraken,btc_usd,10904.9,1601307289.903632,10904.8,0.85386619,10904.9,2.4878844,10891.68661
Kraken,btc_eur,9369.7,1601307291.283768,9369.5,0.555,9369.8,2.0,9359.54056
Kraken,btc_eur,9369.7,1601307292.961077,9369.6,0.62462097,9369.7,0.49205486,9359.54059
Kraken,btc_eur,9370.0,1601307293.92847,9369.6,0.62462097,9370.0,0.02499282,9359.54066
Kraken,btc_eur,9370.1,1601307294.033196,9369.6,0.59,9370.1,0.02029949,9359.54095
Kraken,btc_eur,9369.9,1601307302.092931,9369.9,0.47681,9370.0,0.75,9359.54098
Kraken,btc_eur,9368.1,1601307305.802142,9368.1,0.01503826,9368.2,2.0,9359.54121
Kraken,btc_eur,9368.2,1601307305.962627,9368.1,0.01503826,9368.2,2.45739897,9359.54131
Kraken,eth_eur,312.85,1601307307.958694,312.75,37.77186256,312.85,19.10133872,309.75925
Kraken,btc_eur,9366.2,1601307310.635383,9366.9,4.87e-05,9368.2,2.03810145,9359.54146
Kraken,btc_eur,9368.2,1601307322.720273,9368.1,2.555,9368.2,1.96798,9359.54153
