Plateforme,Asset,Quote,Datetime,Bid,BidAmount,Ask,AskAmount,OpenInterest
Deribit,btc_usd,10737.37,1601368563.887,10735.5,51640.0,10736.0,21120.0,88991350
Deribit,eth_usd,355.41,1601368563.871,355.2,4255.0,355.25,13270.0,25947727
Deribit,btc_usd,10737.37,1601368564.026,10735.5,51640.0,10736.0,59260.0,88991350
Deribit,eth_usd,355.41,1601368564.029,355.2,8655.0,355.25,13270.0,25947727
Deribit,btc_usd,10737.37,1601368564.348,10735.5,51640.0,10736.0,58260.0,88991350
Deribit,btc_usd,10737.37,1601368564.488,10735.5,51640.0,10736.0,89260.0,88991350
Deribit,eth_usd,355.41,1601368564.671,355.2,4255.0,355.25,13270.0,25947727
Deribit,btc_usd,10737.37,1601368564.676,10735.5,51640.0,10736.0,90860.0,88991350
Deribit,btc_usd,10737.37,1601368564.679,10735.5,51640.0,10736.0,92460.0,88991350
Deribit,btc_usd,10737.37,1601368564.68,10735.5,51640.0,10736.0,94060.0,88991350
Deribit,btc_usd,10737.37,1601368564.681,10735.5,51640.0,10736.0,95640.0,88991350
Deribit,btc_usd,10737.37,1601368564.685,10735.5,51640.0,10736.0,94040.0,88991350
Deribit,btc_usd,10737.37,1601368564.688,10735.5,51640.0,10736.0,92460.0,88991350
Deribit,btc_usd,10737.37,1601368564.689,10735.5,51640.0,10736.0,90860.0,88991350
Deribit,btc_usd,10737.37,1601368564.689,10735.5,51640.0,10736.0,89260.0,88991350
Deribit,btc_usd,10737.37,1601368564.695,10735.5,51640.0,10736.0,90860.0,88991350
Deribit,btc_usd,10737.37,1601368564.696,10735.5,51640.0,10736.0,92460.0,88991350
Deribit,btc_usd,10737.37,1601368564.698,10735.5,51640.0,10736.0,94060.0,88991350
Deribit,btc_usd,10737.37,1601368564.699,10735.5,51640.0,10736.0,95640.0,88991350
Deribit,eth_usd,355.41,1601368564.77,355.2,155.0,355.25,13270.0,25947727
Deribit,eth_usd,355.41,1601368565.018,355.2,5355.0,355.25,13270.0,25947727
Deribit,eth_usd,355.41,1601368565.019,355.2,5355.0,355.25,18870.0,25947727
Deribit,btc_usd,10737.37,1601368565.178,10735.5,51640.0,10736.0,99640.0,88991350
Deribit,eth_usd,355.41,1601368565.344,355.2,155.0,355.25,18870.0,25947727
Deribit,eth_usd,355.41,1601368565.419,355.2,155.0,355.25,13270.0,25947727
Deribit,btc_usd,10737.23,1601368565.546,10735.5,53440.0,10736.0,99640.0,88991350
Deribit,btc_usd,10737.23,1601368565.87,10735.5,53440.0,10736.0,98040.0,88991350
Deribit,btc_usd,10737.23,1601368565.872,10735.5,53440.0,10736.0,96460.0,88991350
Deribit,btc_usd,10737.23,1601368565.872,10735.5,53440.0,10736.0,94860.0,88991350
Deribit,btc_usd,10737.23,1601368565.872,10735.5,53440.0,10736.0,93260.0,88991350
Deribit,eth_usd,355.41,1601368566.007,355.2,6555.0,355.25,13270.0,25947727
Deribit,eth_usd,355.41,1601368566.009,355.2,6555.0,355.25,17070.0,25947727
Deribit,eth_usd,355.41,1601368566.034,355.2,6555.0,355.25,13270.0,25947727
Deribit,btc_usd,10737.23,1601368566.084,10735.5,53440.0,10736.0,55120.0,88991350
Deribit,btc_usd,10737.23,1601368566.123,10735.5,53440.0,10736.0,24120.0,88991350
Deribit,btc_usd,10737.62,1601368566.75,10735.5,86280.0,10736.0,24120.0,88991350
Deribit,btc_usd,10737.62,1601368566.765,10735.5,53440.0,10736.0,24120.0,88991350
Deribit,eth_usd,355.41,1601368566.995,355.2,10055.0,355.25,13270.0,25947727
Deribit,btc_usd,10737.62,1601368567.197,10735.5,53440.0,10736.0,20120.0,88991350
Deribit,btc_usd,10737.49,1601368567.588,10735.5,53440.0,10736.0,21720.0,88991350
Deribit,btc_usd,10737.49,1601368567.589,10735.5,53440.0,10736.0,23320.0,88991350
Deribit,btc_usd,10737.49,1601368567.589,10735.5,53440.0,10736.0,24900.0,88991350
Deribit,btc_usd,10737.49,1601368567.59,10735.5,53440.0,10736.0,26500.0,88991350
Deribit,btc_usd,10737.49,1601368567.799,10735.5,53440.0,10736.0,62800.0,88991350
Deribit,eth_usd,355.41,1601368567.824,355.2,10065.0,355.25,13270.0,25947727
Deribit,btc_usd,10737.49,1601368567.885,10735.5,89760.0,10736.0,62800.0,88991350
Deribit,eth_usd,355.41,1601368567.984,355.2,10065.0,355.25,14970.0,25947727
Deribit,eth_usd,355.41,1601368568.168,355.2,6565.0,355.25,14970.0,25947727
Deribit,eth_usd,355.41,1601368568.973,355.2,9065.0,355.25,14970.0,25947727
Deribit,eth_usd,355.41,1601368569.252,355.2,6565.0,355.25,14970.0,25947727
Deribit,btc_usd,10737.46,1601368569.622,10735.5,89760.0,10736.0,93800.0,88991350
Deribit,eth_usd,355.41,1601368569.962,355.2,6565.0,355.25,16970.0,25947727
Deribit,eth_usd,355.41,1601368570.008,355.2,165.0,355.25,16970.0,25947727
Deribit,btc_usd,10737.46,1601368570.241,10735.5,89760.0,10736.0,62800.0,88991350
Deribit,eth_usd,355.41,1601368570.951,355.2,3865.0,355.25,16970.0,25947727
Deribit,eth_usd,355.41,1601368570.952,355.2,3865.0,355.25,19370.0,25947727
Deribit,eth_usd,355.41,1601368570.954,355.2,3865.0,355.25,16970.0,25947727
Deribit,btc_usd,10737.42,1601368571.524,10735.5,89760.0,10736.0,61200.0,88991350
Deribit,btc_usd,10737.42,1601368571.524,10735.5,89760.0,10736.0,59600.0,88991350
Deribit,btc_usd,10737.42,1601368571.525,10735.5,89760.0,10736.0,58000.0,88991350
Deribit,btc_usd,10737.42,1601368571.525,10735.5,89760.0,10736.0,56420.0,88991350
Deribit,btc_usd,10737.42,1601368571.569,10735.5,89790.0,10736.0,56420.0,88991350
Deribit,btc_usd,10737.42,1601368571.712,10735.5,89790.0,10736.0,56400.0,88991330
Deribit,btc_usd,10737.42,1601368571.73,10735.5,89790.0,10736.0,20100.0,88991330
Deribit,eth_usd,355.41,1601368571.94,355.2,5965.0,355.25,16970.0,25947727
Deribit,eth_usd,355.41,1601368572.022,355.2,3865.0,355.25,16970.0,25947727
Deribit,eth_usd,355.41,1601368572.281,355.2,3865.0,355.25,15270.0,25947727
Deribit,eth_usd,355.41,1601368572.282,355.2,3865.0,355.25,13270.0,25947727
Deribit,eth_usd,355.41,1601368572.797,355.2,165.0,355.25,13270.0,25947727
Deribit,eth_usd,355.41,1601368572.929,355.2,465.0,355.25,13270.0,25947727
Deribit,eth_usd,355.41,1601368572.93,355.2,465.0,355.25,21970.0,25947727
Deribit,eth_usd,355.41,1601368572.935,355.2,165.0,355.25,21970.0,25947727
Deribit,eth_usd,355.41,1601368573.102,355.2,165.0,355.25,22770.0,25947727
Deribit,eth_usd,355.41,1601368573.466,355.2,165.0,355.25,14070.0,25947727
Deribit,eth_usd,355.41,1601368573.661,355.2,30165.0,355.25,14070.0,25947727
Deribit,eth_usd,355.41,1601368573.733,355.2,30165.0,355.25,13270.0,25947727
Deribit,eth_usd,355.41,1601368573.917,355.2,30165.0,355.25,15570.0,25947727
Deribit,eth_usd,355.41,1601368574.018,355.2,30165.0,355.25,16370.0,25947727
Deribit,eth_usd,355.41,1601368574.062,355.2,30165.0,355.25,15570.0,25947727
Deribit,eth_usd,355.41,1601368574.143,355.2,30165.0,355.25,16370.0,25947727
Deribit,eth_usd,355.41,1601368574.263,355.2,165.0,355.25,16370.0,25947727
Deribit,eth_usd,355.41,1601368574.906,355.2,3565.0,355.25,16370.0,25947727
Deribit,eth_usd,355.41,1601368574.908,355.2,3565.0,355.25,19970.0,25947727
Deribit,eth_usd,355.41,1601368575.059,355.2,3565.0,355.25,16370.0,25947727
Deribit,eth_usd,355.41,1601368575.122,355.2,3565.0,355.25,14070.0,25947727
Deribit,eth_usd,355.41,1601368575.289,355.2,3565.0,355.25,13270.0,25947727
Deribit,eth_usd,355.41,1601368575.895,355.2,9465.0,355.25,13270.0,25947727
Deribit,eth_usd,355.41,1601368575.897,355.2,9465.0,355.25,15570.0,25947727
Deribit,eth_usd,355.41,1601368576.295,355.2,9465.0,355.25,13270.0,25947727
Deribit,eth_usd,355.41,1601368576.618,355.2,9465.0,355.25,14070.0,25947727
Deribit,btc_usd,10737.63,1601368578.367,10735.5,89790.0,10736.0,23300.0,88991330
Deribit,btc_usd,10737.53,1601368578.495,10735.5,89790.0,10736.0,20100.0,88991330
Deribit,eth_usd,355.41,1601368578.757,355.2,9465.0,355.25,13270.0,25947727
Deribit,eth_usd,355.41,1601368580.153,355.2,9465.0,355.25,13210.0,25947727
Deribit,eth_usd,355.41,1601368581.303,355.2,40465.0,355.25,13210.0,25947727
Deribit,eth_usd,355.41,1601368581.608,355.2,70465.0,355.25,13210.0,25947727
Deribit,eth_usd,355.41,1601368582.277,355.2,70445.0,355.25,13210.0,25947727
Deribit,eth_usd,355.41,1601368582.279,355.2,70445.0,355.25,15210.0,25947727
Deribit,eth_usd,355.41,1601368582.28,355.2,64545.0,355.25,15210.0,25947727
Deribit,eth_usd,355.41,1601368582.482,355.2,64562.0,355.25,15210.0,25947727
Deribit,eth_usd,355.41,1601368582.75,355.2,64545.0,355.25,15210.0,25947727
Deribit,btc_usd,10737.63,1601368583.044,10735.5,90730.0,10736.0,20100.0,88991330
Deribit,eth_usd,355.41,1601368583.264,355.2,64545.0,355.25,13210.0,25947727
Deribit,eth_usd,355.41,1601368583.806,355.2,64545.0,355.25,15310.0,25947727
Deribit,eth_usd,355.41,1601368584.144,355.2,64545.0,355.25,13210.0,25947727
Deribit,eth_usd,355.41,1601368584.795,355.2,64545.0,355.25,15910.0,25947727
Deribit,eth_usd,355.41,1601368585.559,355.2,61145.0,355.25,15910.0,25947727
Deribit,btc_usd,10737.73,1601368585.855,10735.5,90830.0,10736.0,20100.0,88991330
Deribit,eth_usd,355.41,1601368586.415,355.2,61145.0,355.25,13210.0,25947727
Deribit,eth_usd,355.41,1601368586.773,355.2,61145.0,355.25,17210.0,25947727
Deribit,eth_usd,355.41,1601368587.378,355.2,61145.0,355.25,13210.0,25947727
Deribit,btc_usd,10737.55,1601368588.256,10735.5,90830.0,10736.0,25500.0,88991330
Deribit,btc_usd,10737.55,1601368588.338,10735.5,90830.0,10736.0,20100.0,88991330
Deribit,btc_usd,10737.55,1601368588.366,10735.5,90470.0,10736.0,20100.0,88991330
Deribit,btc_usd,10737.55,1601368588.467,10735.5,90470.0,10736.0,20090.0,88991320
Deribit,btc_usd,10737.55,1601368588.529,10735.5,90810.0,10736.0,20090.0,88991320
Deribit,eth_usd,355.41,1601368588.75,355.2,61145.0,355.25,17110.0,25947727
Deribit,btc_usd,10737.55,1601368589.245,10735.5,90810.0,10736.0,21890.0,88991320
Deribit,btc_usd,10737.55,1601368589.474,10735.5,90810.0,10736.0,20090.0,88991320
Deribit,eth_usd,355.41,1601368589.578,355.2,61145.0,355.25,13210.0,25947727
Deribit,btc_usd,10737.55,1601368590.234,10735.5,90810.0,10736.0,26590.0,88991320
Deribit,btc_usd,10737.55,1601368590.287,10735.5,90810.0,10736.0,20090.0,88991320
Deribit,btc_usd,10737.78,1601368591.222,10735.5,90810.0,10736.0,22190.0,88991320
Deribit,btc_usd,10737.78,1601368591.291,10735.5,90810.0,10736.0,20090.0,88991320
Deribit,eth_usd,355.41,1601368591.717,355.2,61145.0,355.25,15010.0,25947727
Deribit,btc_usd,10737.85,1601368592.212,10735.5,90810.0,10736.0,21090.0,88991320
Deribit,btc_usd,10737.85,1601368592.463,10735.5,90810.0,10736.0,20090.0,88991320
Deribit,eth_usd,355.41,1601368593.352,355.2,31145.0,355.25,15010.0,25947727
Deribit,eth_usd,355.41,1601368593.355,355.2,145.0,355.25,15010.0,25947727
Deribit,eth_usd,355.41,1601368593.373,355.2,145.0,355.25,15070.0,25947727
Deribit,eth_usd,355.41,1601368593.695,355.2,1145.0,355.25,15070.0,25947727
Deribit,eth_usd,355.41,1601368593.696,355.2,1145.0,355.25,21470.0,25947727
Deribit,eth_usd,355.41,1601368593.907,355.2,1145.0,355.25,15070.0,25947727
Deribit,eth_usd,355.41,1601368593.926,355.2,145.0,355.25,15070.0,25947727
Deribit,btc_usd,10737.88,1601368594.189,10735.5,90810.0,10736.0,22790.0,88991320
Deribit,eth_usd,355.41,1601368594.683,355.2,2145.0,355.25,15070.0,25947727
Deribit,eth_usd,355.41,1601368594.684,355.2,2145.0,355.25,20270.0,25947727
Deribit,eth_usd,355.41,1601368594.822,355.2,145.0,355.25,20270.0,25947727
Deribit,btc_usd,10737.88,1601368595.178,10735.5,90810.0,10736.0,32790.0,88991320
Deribit,eth_usd,355.41,1601368595.672,355.2,145.0,355.25,24870.0,25947727
Deribit,btc_usd,10737.88,1601368595.806,10735.5,90810.0,10736.0,32170.0,88991850
Deribit,eth_usd,355.41,1601368595.853,355.2,145.0,355.25,20270.0,25947727
Deribit,btc_usd,10737.88,1601368596.01,10735.5,90810.0,10736.0,29470.0,88991850
Deribit,btc_usd,10737.88,1601368596.011,10735.5,90810.0,10736.0,19470.0,88991850
Deribit,eth_usd,355.41,1601368596.082,355.2,145.0,355.25,15070.0,25947727
Deribit,btc_usd,10737.88,1601368596.167,10735.5,90810.0,10736.0,21870.0,88991850
Deribit,btc_usd,10737.88,1601368596.621,10735.5,90810.0,10736.0,19470.0,88991850
Deribit,eth_usd,355.41,1601368596.661,355.2,3245.0,355.25,15070.0,25947727
Deribit,eth_usd,355.41,1601368596.662,355.2,3245.0,355.25,20070.0,25947727
Deribit,eth_usd,355.41,1601368596.808,355.2,145.0,355.25,20070.0,25947727
Deribit,eth_usd,355.41,1601368596.896,355.2,135.0,355.25,20070.0,25947727
Deribit,btc_usd,10737.88,1601368597.156,10735.5,90810.0,10736.0,31070.0,88991850
Deribit,btc_usd,10737.88,1601368597.259,10735.5,90810.0,10736.0,19470.0,88991850
Deribit,btc_usd,10737.88,1601368597.399,10735.5,89010.0,10736.0,19470.0,88991850
Deribit,eth_usd,355.41,1601368597.65,355.2,2735.0,355.25,20070.0,25947727
Deribit,btc_usd,10737.73,1601368598.144,10735.5,89010.0,10736.0,31970.0,88991850
Deribit,eth_usd,355.41,1601368598.261,355.2,2735.0,355.25,15070.0,25947727
Deribit,eth_usd,355.41,1601368598.639,355.2,5835.0,355.25,15070.0,25947727
Deribit,eth_usd,355.41,1601368598.64,355.2,5835.0,355.25,16970.0,25947727
Deribit,btc_usd,10737.73,1601368598.858,10735.5,89010.0,10736.0,19470.0,88991850
Deribit,eth_usd,355.41,1601368598.872,355.2,5835.0,355.25,15070.0,25947727
Deribit,eth_usd,355.41,1601368599.137,355.2,5835.0,355.25,13270.0,25947727
Deribit,eth_usd,355.41,1601368599.628,355.2,7435.0,355.25,13270.0,25947727
Deribit,eth_usd,355.41,1601368599.629,355.2,7435.0,355.25,14970.0,25947727
Deribit,eth_usd,355.41,1601368599.859,355.2,5835.0,355.25,14970.0,25947727
Deribit,eth_usd,355.41,1601368599.907,355.2,5835.0,355.25,13270.0,25947727
Deribit,eth_usd,355.41,1601368600.617,355.2,7435.0,355.25,13270.0,25947727
Deribit,btc_usd,10737.91,1601368600.727,10735.5,89010.0,10736.0,19370.0,88991950
Deribit,btc_usd,10737.91,1601368600.806,10735.5,90810.0,10736.0,19370.0,88991950
Deribit,eth_usd,355.41,1601368601.606,355.2,9035.0,355.25,13270.0,25947727
Deribit,eth_usd,355.41,1601368601.717,355.2,7435.0,355.25,13270.0,25947727
Deribit,eth_usd,355.41,1601368601.718,355.2,5835.0,355.25,13270.0,25947727
Deribit,eth_usd,355.41,1601368602.594,355.2,9535.0,355.25,13270.0,25947727
Deribit,eth_usd,355.41,1601368602.746,355.2,5835.0,355.25,13270.0,25947727
Deribit,btc_usd,10737.91,1601368603.24,10735.5,90810.0,10736.0,19360.0,88991950
Deribit,eth_usd,355.41,1601368603.583,355.2,8135.0,355.25,13270.0,25947727
Deribit,eth_usd,355.41,1601368604.069,355.2,8135.0,355.25,14655.0,25947727
Deribit,eth_usd,355.41,1601368604.314,355.2,5835.0,355.25,14655.0,25947727
Deribit,eth_usd,355.41,1601368604.572,355.2,6935.0,355.25,14655.0,25947727
Deribit,eth_usd,355.41,1601368604.764,355.2,5835.0,355.25,14655.0,25947727
Deribit,eth_usd,355.41,1601368605.268,355.2,5835.0,355.25,15455.0,25947727
Deribit,eth_usd,355.41,1601368605.561,355.2,7535.0,355.25,15455.0,25947727
Deribit,eth_usd,355.41,1601368605.946,355.2,5835.0,355.25,15455.0,25947727
Deribit,eth_usd,355.41,1601368605.948,355.2,2735.0,355.25,15455.0,25947727
Deribit,eth_usd,355.41,1601368606.55,355.2,6335.0,355.25,15455.0,25947727
Deribit,eth_usd,355.41,1601368607.457,355.2,6335.0,355.25,5055.0,25947727
Deribit,eth_usd,355.41,1601368607.523,355.2,6335.0,355.25,2255.0,25947727
Deribit,eth_usd,355.41,1601368607.523,355.2,36335.0,355.25,2255.0,25947727
Deribit,eth_usd,355.41,1601368607.568,355.2,36335.0,355.25,2195.0,25947727
Deribit,eth_usd,355.41,1601368607.573,355.2,42335.0,355.25,2195.0,25947727
Deribit,eth_usd,355.41,1601368607.609,355.2,42335.0,355.25,1395.0,25947727
Deribit,eth_usd,355.41,1601368607.668,355.2,42335.0,355.25,883.0,25948229
Deribit,eth_usd,355.41,1601368607.771,355.2,112765.0,355.25,883.0,25948229
Deribit,eth_usd,355.41,1601368608.004,355.2,143765.0,355.25,883.0,25948229
Deribit,eth_usd,355.41,1601368608.068,355.2,143765.0,355.3,66.0,25948229
Deribit,eth_usd,355.41,1601368608.088,355.2,143765.0,355.25,1009.0,25948229
Deribit,eth_usd,355.41,1601368608.103,355.2,143825.0,355.25,1009.0,25948229
Deribit,eth_usd,355.41,1601368608.257,355.2,144225.0,355.25,1009.0,25948229
Deribit,eth_usd,355.41,1601368608.527,355.2,144225.0,355.25,2009.0,25948229
Deribit,eth_usd,355.41,1601368608.552,355.2,144225.0,355.25,1009.0,25948229
Deribit,eth_usd,355.42,1601368609.516,355.2,144225.0,355.25,2709.0,25948229
Deribit,eth_usd,355.42,1601368610.013,355.2,144225.0,355.25,1009.0,25948229
Deribit,eth_usd,355.42,1601368610.505,355.2,144225.0,355.25,4609.0,25948229
Deribit,eth_usd,355.42,1601368611.89,355.2,144225.0,355.25,1009.0,25948229
Deribit,eth_usd,355.42,1601368612.197,355.2,144235.0,355.25,1009.0,25948229
Deribit,eth_usd,355.42,1601368612.483,355.2,144235.0,355.25,4809.0,25948229
Deribit,eth_usd,355.42,1601368612.929,355.2,144235.0,355.25,1009.0,25948229
Deribit,eth_usd,355.42,1601368612.943,355.2,144175.0,355.25,1009.0,25948229
Deribit,eth_usd,355.43,1601368613.472,355.2,144175.0,355.25,9909.0,25948229
Deribit,btc_usd,10737.66,1601368613.939,10735.5,90470.0,10736.0,19360.0,88991950
Deribit,btc_usd,10737.66,1601368614.028,10735.5,90470.0,10736.0,19350.0,88991950
Deribit,btc_usd,10737.66,1601368614.083,10735.5,90790.0,10736.0,19350.0,88991950
Deribit,eth_usd,355.42,1601368614.948,355.2,144175.0,355.25,1009.0,25948229
Deribit,eth_usd,355.41,1601368615.45,355.2,144175.0,355.25,6209.0,25948229
Deribit,eth_usd,355.41,1601368615.495,355.2,144175.0,355.25,1009.0,25948229
Deribit,eth_usd,355.41,1601368615.721,355.2,144165.0,355.25,1009.0,25948229
Deribit,eth_usd,355.42,1601368616.438,355.2,144165.0,355.25,7609.0,25948229
Deribit,eth_usd,355.42,1601368617.427,355.2,144165.0,355.25,10709.0,25948229
Deribit,eth_usd,355.42,1601368617.538,355.2,144165.0,355.25,7609.0,25948229
Deribit,eth_usd,355.42,1601368617.704,355.2,144165.0,355.25,1009.0,25948229
Deribit,eth_usd,355.42,1601368617.863,355.2,144225.0,355.25,1009.0,25948229
Deribit,eth_usd,355.42,1601368618.118,355.2,144235.0,355.25,1009.0,25948229
Deribit,eth_usd,355.42,1601368618.416,355.2,144235.0,355.25,2209.0,25948229
Deribit,eth_usd,355.42,1601368619.249,355.2,144245.0,355.25,2209.0,25948229
Deribit,eth_usd,355.42,1601368619.405,355.2,144245.0,355.25,5309.0,25948229
Deribit,eth_usd,355.42,1601368620.683,355.2,144245.0,355.25,2209.0,25948229
Deribit,eth_usd,355.42,1601368620.684,355.2,144245.0,355.25,1009.0,25948229
Deribit,eth_usd,355.42,1601368621.382,355.2,144245.0,355.25,5509.0,25948229
Deribit,btc_usd,10737.86,1601368621.815,10735.5,90790.0,10736.0,19340.0,88991950
Deribit,eth_usd,355.42,1601368622.371,355.2,144245.0,355.25,7409.0,25948229
Deribit,eth_usd,355.42,1601368623.168,355.2,144245.0,355.25,5509.0,25948229
Deribit,eth_usd,355.42,1601368623.36,355.2,144245.0,355.25,6309.0,25948229
Deribit,eth_usd,355.42,1601368623.453,355.2,144245.0,355.25,1809.0,25948229
Deribit,eth_usd,355.42,1601368623.454,355.2,144245.0,355.25,1009.0,25948229
Deribit,eth_usd,355.42,1601368624.35,355.2,144245.0,355.25,6109.0,25948229
Deribit,eth_usd,355.42,1601368625.338,355.2,144245.0,355.25,6909.0,25948229
Deribit,eth_usd,355.42,1601368625.515,355.2,144245.0,355.25,6109.0,25948229
Deribit,eth_usd,355.42,1601368626.327,355.2,144245.0,355.25,7609.0,25948229
Deribit,eth_usd,355.42,1601368626.346,355.2,144185.0,355.25,7609.0,25948229
Deribit,eth_usd,355.42,1601368627.667,355.2,144185.0,355.25,8409.0,25948229
Deribit,eth_usd,355.42,1601368627.673,355.2,138185.0,355.25,8409.0,25948229
Deribit,eth_usd,355.42,1601368627.932,355.2,138185.0,355.25,6909.0,25948229
Deribit,eth_usd,355.42,1601368628.287,355.2,138185.0,355.25,1809.0,25948229
Deribit,eth_usd,355.42,1601368628.403,355.2,138185.0,355.25,1009.0,25948229
Deribit,btc_usd,10737.84,1601368628.499,10735.5,90790.0,10736.0,19330.0,88991960
Deribit,btc_usd,10738.02,1601368628.799,10735.5,90790.0,10736.0,25030.0,88991960
Deribit,btc_usd,10738.02,1601368628.811,10735.5,90790.0,10736.0,62570.0,88991960
Deribit,btc_usd,10738.02,1601368629.054,10735.5,88990.0,10736.0,62570.0,88991960
Deribit,btc_usd,10738.02,1601368629.058,10735.5,88990.0,10736.0,56870.0,88991960
Deribit,eth_usd,355.42,1601368629.293,355.2,138185.0,355.25,6409.0,25948229
Deribit,btc_usd,10737.73,1601368630.221,10735.5,88990.0,10736.0,19330.0,88991960
Deribit,eth_usd,355.43,1601368630.285,355.2,138185.0,355.25,1009.0,25948229
Deribit,eth_usd,355.44,1601368631.271,355.2,138185.0,355.25,5309.0,25948229
Deribit,eth_usd,355.44,1601368631.72,355.2,138185.0,355.25,6109.0,25948229
Deribit,btc_usd,10737.74,1601368632.755,10735.5,88990.0,10736.0,19930.0,88991960
Deribit,btc_usd,10737.56,1601368632.89,10735.5,88990.0,10736.0,19330.0,88991960
Deribit,eth_usd,355.44,1601368633.249,355.2,138185.0,355.25,8309.0,25948229
Deribit,eth_usd,355.44,1601368633.681,355.2,138185.0,355.25,6109.0,25948229
Deribit,eth_usd,355.44,1601368634.175,355.2,137785.0,355.25,6109.0,25948229
Deribit,eth_usd,355.44,1601368634.238,355.2,137785.0,355.25,9409.0,25948229
Deribit,eth_usd,355.44,1601368634.262,355.2,137775.0,355.25,9409.0,25948229
Deribit,eth_usd,355.44,1601368634.45,355.2,137775.0,355.25,6109.0,25948229
Deribit,eth_usd,355.44,1601368635.226,355.2,137775.0,355.25,13009.0,25948229
Deribit,eth_usd,355.43,1601368635.681,355.2,137775.0,355.25,6109.0,25948229
Deribit,btc_usd,10737.87,1601368635.724,10735.5,88990.0,10736.0,24230.0,88991960
Deribit,btc_usd,10737.87,1601368635.888,10735.5,88990.0,10736.0,19330.0,88991960
Deribit,eth_usd,355.43,1601368636.215,355.2,137775.0,355.25,9309.0,25948229
Deribit,btc_usd,10737.87,1601368636.71,10735.5,88990.0,10736.0,23130.0,88991960
Deribit,btc_usd,10737.97,1601368636.905,10735.5,88990.0,10736.0,19330.0,88991960
Deribit,eth_usd,355.43,1601368636.917,355.2,137775.0,355.25,6109.0,25948229
Deribit,eth_usd,355.43,1601368636.976,355.2,137775.0,355.25,5309.0,25948229
Deribit,eth_usd,355.43,1601368637.204,355.2,137775.0,355.25,6809.0,25948229
Deribit,eth_usd,355.44,1601368637.274,355.2,137775.0,355.25,5309.0,25948229
Deribit,eth_usd,355.44,1601368637.701,355.2,137785.0,355.25,5309.0,25948229
Deribit,eth_usd,355.44,1601368638.193,355.2,137785.0,355.25,6909.0,25948229
Deribit,eth_usd,355.44,1601368638.388,355.2,137785.0,355.25,5309.0,25948229
Deribit,eth_usd,355.44,1601368639.182,355.2,137785.0,355.25,7409.0,25948229
Deribit,eth_usd,355.44,1601368639.472,355.2,137785.0,355.25,5309.0,25948229
Deribit,btc_usd,10737.97,1601368639.55,10735.5,88670.0,10736.0,19330.0,88991960
Deribit,btc_usd,10737.97,1601368639.583,10735.5,88670.0,10736.0,19320.0,88991960
Deribit,btc_usd,10737.97,1601368639.673,10735.5,88670.0,10736.0,19310.0,88991960
Deribit,btc_usd,10737.97,1601368639.731,10735.5,88970.0,10736.0,19310.0,88991960
Deribit,eth_usd,355.44,1601368640.171,355.2,137785.0,355.25,7809.0,25948229
Deribit,eth_usd,355.44,1601368640.426,355.2,137785.0,355.25,5309.0,25948229
Deribit,eth_usd,355.44,1601368640.456,355.2,137785.0,355.25,1009.0,25948229
Deribit,eth_usd,355.44,1601368641.081,355.2,137785.0,355.25,989.0,25948249
Deribit,eth_usd,355.44,1601368641.16,355.2,137785.0,355.25,5789.0,25948249
Deribit,eth_usd,355.44,1601368642.832,355.2,137785.0,355.25,989.0,25948249
Deribit,eth_usd,355.44,1601368643.137,355.2,137785.0,355.25,4889.0,25948249
Deribit,eth_usd,355.44,1601368643.519,355.2,137785.0,355.25,989.0,25948249
Deribit,eth_usd,355.44,1601368644.126,355.2,137785.0,355.25,5089.0,25948249
Deribit,eth_usd,355.44,1601368645.497,355.2,137785.0,355.25,989.0,25948249
Deribit,eth_usd,355.44,1601368646.104,355.2,137785.0,355.25,6489.0,25948249
Deribit,btc_usd,10737.94,1601368646.598,10735.5,88970.0,10736.0,22410.0,88991960
Deribit,btc_usd,10737.8,1601368646.936,10735.5,88970.0,10736.0,19310.0,88991960
Deribit,eth_usd,355.44,1601368647.469,355.2,137785.0,355.25,989.0,25948249
Deribit,eth_usd,355.44,1601368648.081,355.2,137785.0,355.25,2589.0,25948249
Deribit,eth_usd,355.44,1601368648.323,355.2,137785.0,355.25,989.0,25948249
Deribit,eth_usd,355.44,1601368649.07,355.2,137785.0,355.25,3289.0,25948249
Deribit,eth_usd,355.44,1601368650.059,355.2,137785.0,355.25,4289.0,25948249
Deribit,eth_usd,355.44,1601368650.397,355.2,137785.0,355.25,3289.0,25948249
Deribit,eth_usd,355.44,1601368651.048,355.2,137785.0,355.25,4289.0,25948249
Deribit,eth_usd,355.44,1601368651.067,355.2,137785.0,355.25,3289.0,25948249
Deribit,eth_usd,355.44,1601368651.176,355.2,137785.0,355.25,989.0,25948249
Deribit,eth_usd,355.44,1601368651.775,355.2,155552.0,355.25,989.0,25948249
Deribit,eth_usd,355.44,1601368651.865,355.2,161552.0,355.25,989.0,25948249
Deribit,eth_usd,355.45,1601368652.96,355.2,161612.0,355.25,989.0,25948249
Deribit,eth_usd,355.45,1601368653.026,355.2,161612.0,355.25,1889.0,25948249
Deribit,btc_usd,10737.89,1601368653.521,10735.5,88970.0,10736.0,27910.0,88991960
Deribit,btc_usd,10737.89,1601368653.564,10735.5,88970.0,10736.0,19310.0,88991960
Deribit,eth_usd,355.45,1601368653.683,355.2,161612.0,355.25,989.0,25948249
Deribit,btc_usd,10737.75,1601368654.509,10735.5,88970.0,10736.0,25010.0,88991960
Deribit,eth_usd,355.45,1601368655.004,355.2,161612.0,355.25,3489.0,25948249
Deribit,btc_usd,10737.78,1601368655.763,10735.5,88970.0,10736.0,19310.0,88991960
Deribit,eth_usd,355.45,1601368655.783,355.2,161612.0,355.25,989.0,25948249
Deribit,btc_usd,10737.78,1601368656.487,10735.5,88970.0,10736.0,21610.0,88991960
Deribit,btc_usd,10737.78,1601368656.683,10735.5,88970.0,10736.0,19310.0,88991960
Deribit,eth_usd,355.45,1601368656.981,355.2,161612.0,355.25,2789.0,25948249
Deribit,btc_usd,10737.78,1601368657.476,10735.5,88970.0,10736.0,25610.0,88991960
Deribit,btc_usd,10737.78,1601368657.873,10735.5,88970.0,10736.0,19310.0,88991960
Deribit,eth_usd,355.45,1601368657.976,355.2,161612.0,355.25,4289.0,25948249
Deribit,eth_usd,355.45,1601368658.074,355.2,161612.0,355.25,2789.0,25948249
Deribit,eth_usd,355.45,1601368658.105,355.2,161612.0,355.25,989.0,25948249
Deribit,eth_usd,355.45,1601368658.959,355.2,161612.0,355.25,4589.0,25948249
Deribit,eth_usd,355.45,1601368659.346,355.2,161612.0,355.25,989.0,25948249
Deribit,eth_usd,355.45,1601368659.948,355.2,161612.0,355.25,2589.0,25948249
Deribit,eth_usd,355.45,1601368660.029,355.2,161602.0,355.25,2589.0,25948249
Deribit,btc_usd,10737.69,1601368660.122,10735.5,88970.0,10736.0,19410.0,88991960
Deribit,eth_usd,355.45,1601368660.362,355.2,161602.0,355.25,989.0,25948249
Deribit,btc_usd,10737.69,1601368660.401,10735.5,88970.0,10736.0,53220.0,88991960
Deribit,btc_usd,10737.69,1601368660.522,10735.5,52650.0,10736.0,53220.0,88991960
Deribit,btc_usd,10737.69,1601368660.585,10735.5,3970.0,10736.0,53220.0,88991960
Deribit,btc_usd,10737.69,1601368660.857,10735.5,3970.0,10736.0,84220.0,88991960
Deribit,eth_usd,355.45,1601368660.937,355.2,161602.0,355.25,4389.0,25948249
Deribit,btc_usd,10737.44,1601368661.151,10735.5,3970.0,10736.0,88220.0,88991960
Deribit,btc_usd,10737.44,1601368661.171,10735.5,3970.0,10736.0,88120.0,88992060
Deribit,btc_usd,10737.44,1601368661.179,10735.5,3870.0,10736.0,88120.0,88992060
Deribit,eth_usd,355.45,1601368661.186,355.2,161602.0,355.25,989.0,25948249
Deribit,btc_usd,10737.44,1601368661.189,10735.5,39150.0,10736.0,88120.0,88992060
Deribit,eth_usd,355.45,1601368662.914,355.2,161602.0,355.25,1289.0,25948249
Deribit,eth_usd,355.45,1601368663.514,355.2,161602.0,355.25,989.0,25948249
Deribit,btc_usd,10737.55,1601368663.7,10735.5,39150.0,10736.0,54310.0,88992060
Deribit,btc_usd,10737.55,1601368663.741,10735.5,39150.0,10736.0,23310.0,88992060
Deribit,eth_usd,355.45,1601368663.903,355.2,161602.0,355.25,2389.0,25948249
Deribit,btc_usd,10737.55,1601368664.131,10735.5,39150.0,10736.0,60010.0,88992060
Deribit,eth_usd,355.45,1601368664.892,355.2,161602.0,355.25,3089.0,25948249
Deribit,eth_usd,355.45,1601368665.011,355.2,161602.0,355.25,1689.0,25948249
Deribit,eth_usd,355.45,1601368665.012,355.2,161602.0,355.25,989.0,25948249
Deribit,btc_usd,10737.55,1601368665.193,10735.5,38850.0,10736.0,60010.0,88992060
Deribit,btc_usd,10737.55,1601368665.287,10735.5,38850.0,10736.0,60000.0,88992060
Deribit,btc_usd,10737.55,1601368665.331,10735.5,39130.0,10736.0,60000.0,88992060
Deribit,eth_usd,355.45,1601368665.881,355.2,161602.0,355.25,6089.0,25948249
Deribit,eth_usd,355.45,1601368666.202,355.2,161602.0,355.25,989.0,25948249
Deribit,btc_usd,10737.55,1601368666.254,10735.5,39130.0,10736.0,23300.0,88992060
Deribit,btc_usd,10737.55,1601368666.488,10735.5,40930.0,10736.0,23300.0,88992060
Deribit,btc_usd,10737.55,1601368666.491,10735.5,60930.0,10736.0,23300.0,88992060
Deribit,btc_usd,10737.55,1601368666.498,10735.5,61030.0,10736.0,23300.0,88992060
Deribit,btc_usd,10737.55,1601368666.513,10735.5,61030.0,10736.0,4100.0,88992060
Deribit,btc_usd,10737.55,1601368666.584,10735.5,114710.0,10736.0,4100.0,88992060
Deribit,btc_usd,10737.87,1601368667.164,10735.5,114710.0,10736.0,100.0,88992060
Deribit,btc_usd,10737.87,1601368667.18,10735.5,114710.0,10736.0,70.0,88992090
Deribit,eth_usd,355.45,1601368667.859,355.2,161602.0,355.25,4089.0,25948249
Deribit,eth_usd,355.45,1601368667.947,355.2,161602.0,355.25,989.0,25948249
Deribit,btc_usd,10737.87,1601368668.42,10735.5,248230.0,10736.0,70.0,88992090
Deribit,btc_usd,10737.87,1601368668.429,10735.5,253210.0,10736.0,70.0,88992090
Deribit,btc_usd,10737.87,1601368668.576,10735.5,253380.0,10736.0,70.0,88992090
Deribit,eth_usd,355.45,1601368668.848,355.2,161602.0,355.25,2589.0,25948249
Deribit,eth_usd,355.45,1601368669.297,355.2,161602.0,355.25,989.0,25948249
Deribit,btc_usd,10737.87,1601368670.457,10735.5,253380.0,10736.0,50.0,88992110
Deribit,btc_usd,10737.87,1601368670.888,10735.5,268090.0,10736.0,50.0,88992110
Deribit,btc_usd,10737.87,1601368671.277,10735.5,134570.0,10736.0,50.0,88992110
Deribit,btc_usd,10737.87,1601368671.32,10735.5,134570.0,10736.0,8250.0,88992110
Deribit,btc_usd,10737.87,1601368671.383,10735.5,134400.0,10736.0,8250.0,88992110
Deribit,btc_usd,10737.87,1601368671.564,10735.5,134400.0,10736.0,50.0,88992110
Deribit,btc_usd,10737.87,1601368671.605,10735.5,119690.0,10736.0,50.0,88992110
Deribit,eth_usd,355.45,1601368671.814,355.2,161602.0,355.25,2589.0,25948249
Deribit,eth_usd,355.45,1601368672.046,355.2,161602.0,355.25,989.0,25948249
Deribit,eth_usd,355.45,1601368672.803,355.2,161602.0,355.25,2089.0,25948249
Deribit,eth_usd,355.45,1601368672.987,355.2,161602.0,355.25,989.0,25948249
Deribit,eth_usd,355.45,1601368673.792,355.2,161602.0,355.25,1989.0,25948249
Deribit,btc_usd,10737.86,1601368673.84,10735.5,276150.0,10736.0,50.0,88992110
Deribit,btc_usd,10737.86,1601368673.894,10735.5,276160.0,10736.0,50.0,88992110
Deribit,btc_usd,10737.86,1601368673.997,10735.5,276330.0,10736.0,50.0,88992110
Deribit,btc_usd,10737.86,1601368674.427,10735.5,119870.0,10736.0,50.0,88992110
Deribit,btc_usd,10737.86,1601368674.585,10735.5,119700.0,10736.0,50.0,88992110
Deribit,btc_usd,10737.86,1601368674.642,10735.5,119690.0,10736.0,50.0,88992110
Deribit,eth_usd,355.45,1601368674.781,355.2,161602.0,355.25,4389.0,25948249
Deribit,btc_usd,10737.86,1601368674.812,10735.5,117890.0,10736.0,50.0,88992110
Deribit,btc_usd,10737.86,1601368674.876,10735.5,117890.0,10736.0,20050.0,88992110
Deribit,btc_usd,10737.67,1601368675.275,10735.5,117890.0,10736.0,34450.0,88992110
Deribit,eth_usd,355.44,1601368675.55,355.2,161542.0,355.25,4389.0,25948249
Deribit,eth_usd,355.44,1601368675.635,355.2,155542.0,355.25,4389.0,25948249
Deribit,eth_usd,355.44,1601368675.772,355.2,155542.0,355.25,6089.0,25948249
Deribit,eth_usd,355.44,1601368675.787,355.2,155542.0,355.25,3689.0,25948249
Deribit,eth_usd,355.44,1601368675.788,355.2,155542.0,355.25,1989.0,25948249
Deribit,btc_usd,10737.81,1601368676.142,10735.5,117890.0,10736.0,20050.0,88992110
Deribit,btc_usd,10737.81,1601368676.264,10735.5,117890.0,10736.0,27150.0,88992110
Deribit,btc_usd,10737.81,1601368676.327,10735.5,117890.0,10736.0,20050.0,88992110
Deribit,btc_usd,10737.81,1601368676.607,10735.5,117920.0,10736.0,20050.0,88992110
Deribit,eth_usd,355.44,1601368676.758,355.2,155542.0,355.25,4189.0,25948249
Deribit,eth_usd,355.44,1601368678.068,355.2,155542.0,355.25,1989.0,25948249
Deribit,eth_usd,355.44,1601368678.256,355.2,155542.0,355.25,989.0,25948249
Deribit,eth_usd,355.44,1601368678.736,355.2,155542.0,355.25,5689.0,25948249
Deribit,btc_usd,10737.83,1601368678.88,10735.5,117920.0,10736.0,57090.0,88992110
Deribit,eth_usd,355.45,1601368679.718,355.2,155542.0,355.25,989.0,25948249
Deribit,eth_usd,355.45,1601368680.714,355.2,155542.0,355.25,3889.0,25948249
Deribit,eth_usd,355.45,1601368681.208,355.2,137775.0,355.25,3889.0,25948249
Deribit,eth_usd,355.45,1601368681.355,355.2,137775.0,355.25,989.0,25948249
Deribit,eth_usd,355.44,1601368681.703,355.2,137775.0,355.25,2389.0,25948249
Deribit,btc_usd,10737.82,1601368682.162,10735.5,117890.0,10736.0,57090.0,88992110
Deribit,eth_usd,355.44,1601368682.692,355.2,137775.0,355.25,4289.0,25948249
Deribit,eth_usd,355.44,1601368683.008,355.2,106775.0,355.25,4289.0,25948249
Deribit,eth_usd,355.44,1601368683.68,355.2,106775.0,355.25,6289.0,25948249
Deribit,eth_usd,355.44,1601368683.691,355.2,106775.0,355.25,4289.0,25948249
Deribit,btc_usd,10737.82,1601368683.741,10735.5,117890.0,10736.0,20050.0,88992110
Deribit,eth_usd,355.44,1601368683.761,355.2,106775.0,355.25,2389.0,25948249
Deribit,eth_usd,355.44,1601368684.181,355.2,76775.0,355.25,2389.0,25948249
Deribit,btc_usd,10737.82,1601368684.204,10735.5,117890.0,10736.0,54080.0,88992110
Deribit,eth_usd,355.44,1601368684.266,355.2,76775.0,355.25,3189.0,25948249
Deribit,eth_usd,355.44,1601368684.669,355.2,76775.0,355.25,6389.0,25948249
Deribit,eth_usd,355.44,1601368684.682,355.2,76775.0,355.25,6449.0,25948249
Deribit,eth_usd,355.44,1601368685.042,355.2,76775.0,355.25,3249.0,25948249
Deribit,eth_usd,355.44,1601368685.464,355.2,107775.0,355.25,3249.0,25948249
Deribit,eth_usd,355.44,1601368685.469,355.2,137775.0,355.25,3249.0,25948249
Deribit,eth_usd,355.44,1601368686.647,355.2,137775.0,355.25,5049.0,25948249
Deribit,eth_usd,355.44,1601368687.023,355.2,137775.0,355.25,3249.0,25948249
Deribit,eth_usd,355.44,1601368687.636,355.2,137775.0,355.25,5949.0,25948249
Deribit,btc_usd,10737.82,1601368687.92,10735.5,117860.0,10736.0,54080.0,88992110
Deribit,eth_usd,355.44,1601368687.923,355.2,137775.0,355.25,3249.0,25948249
Deribit,eth_usd,355.44,1601368688.335,355.2,137775.0,355.25,1849.0,25948249
Deribit,eth_usd,355.43,1601368688.625,355.2,137775.0,355.25,4749.0,25948249
Deribit,eth_usd,355.43,1601368689.58,355.2,137775.0,355.25,1849.0,25948249
Deribit,eth_usd,355.44,1601368689.614,355.2,137775.0,355.25,3049.0,25948249
Deribit,eth_usd,355.44,1601368690.602,355.2,137775.0,355.25,6949.0,25948249
Deribit,btc_usd,10737.82,1601368690.759,10735.5,117580.0,10736.0,54080.0,88992110
Deribit,btc_usd,10737.82,1601368690.866,10735.5,117580.0,10736.0,54070.0,88992110
Deribit,eth_usd,355.44,1601368690.868,355.2,137775.0,355.25,3049.0,25948249
Deribit,eth_usd,355.44,1601368690.882,355.2,137775.0,355.25,1849.0,25948249
Deribit,btc_usd,10737.82,1601368690.914,10735.5,117840.0,10736.0,54070.0,88992110
Deribit,eth_usd,355.44,1601368691.591,355.2,137775.0,355.25,4549.0,25948249
Deribit,btc_usd,10737.82,1601368691.616,10735.5,117910.0,10736.0,54070.0,88992110
Deribit,eth_usd,355.44,1601368692.58,355.2,137775.0,355.25,5149.0,25948249
Deribit,eth_usd,355.44,1601368693.569,355.2,137775.0,355.25,7449.0,25948249
Deribit,eth_usd,355.43,1601368693.781,355.2,137775.0,355.25,5149.0,25948249
Deribit,eth_usd,355.43,1601368693.79,355.2,137775.0,355.25,4549.0,25948249
Deribit,eth_usd,355.43,1601368693.809,355.2,137775.0,355.25,1849.0,25948249
Deribit,eth_usd,355.43,1601368694.558,355.2,137775.0,355.25,4449.0,25948249
Deribit,eth_usd,355.43,1601368695.547,355.2,137775.0,355.25,6849.0,25948249
Deribit,eth_usd,355.43,1601368697.524,355.2,137775.0,355.25,13249.0,25948249
Deribit,btc_usd,10737.72,1601368697.752,10735.5,117910.0,10736.0,20040.0,88992110
Deribit,eth_usd,355.43,1601368698.014,355.2,137775.0,355.25,6849.0,25948249
Deribit,eth_usd,355.43,1601368698.125,355.2,137775.0,355.25,4449.0,25948249
Deribit,eth_usd,355.43,1601368698.254,355.2,137785.0,355.25,4449.0,25948249
Deribit,eth_usd,355.43,1601368698.513,355.2,137785.0,355.25,9549.0,25948249
Deribit,btc_usd,10737.72,1601368698.662,10735.5,117910.0,10736.0,57240.0,88992110
Deribit,eth_usd,355.43,1601368701.916,355.2,67355.0,355.25,9549.0,25948249
Deribit,eth_usd,355.43,1601368701.993,355.2,63755.0,355.25,9549.0,25948249
Deribit,btc_usd,10737.72,1601368702.019,10735.5,117910.0,10736.0,20040.0,88992110
Deribit,eth_usd,355.43,1601368702.17,355.2,61155.0,355.25,9549.0,25948249
Deribit,eth_usd,355.43,1601368702.179,355.2,31155.0,355.25,9549.0,25948249
Deribit,eth_usd,355.43,1601368702.181,355.2,155.0,355.25,9549.0,25948249
Deribit,eth_usd,355.43,1601368702.183,355.2,155.0,355.25,15549.0,25948249
Deribit,eth_usd,355.43,1601368702.237,355.15,26850.0,355.25,15549.0,25948209
Deribit,eth_usd,355.43,1601368702.24,355.15,26850.0,355.2,17500.0,25948209
Deribit,eth_usd,355.43,1601368702.241,355.15,26850.0,355.2,21800.0,25948209
Deribit,eth_usd,355.43,1601368702.245,355.15,26850.0,355.2,27800.0,25948209
Deribit,eth_usd,355.43,1601368702.246,355.15,26850.0,355.2,28600.0,25948209
Deribit,eth_usd,355.43,1601368702.289,355.15,26850.0,355.2,28660.0,25948209
Deribit,btc_usd,10737.71,1601368702.303,10735.5,97910.0,10736.0,20040.0,88992110
Deribit,eth_usd,355.43,1601368702.331,355.15,26850.0,355.2,24360.0,25948209
Deribit,eth_usd,355.43,1601368702.359,355.15,26850.0,355.2,26860.0,25948209
Deribit,eth_usd,355.43,1601368702.424,355.15,26761.0,355.2,26860.0,25948209
Deribit,eth_usd,355.43,1601368702.427,355.15,26761.0,355.2,104170.0,25948209
Deribit,eth_usd,355.43,1601368702.439,355.15,26761.0,355.2,101670.0,25948209
Deribit,btc_usd,10737.71,1601368702.445,10735.5,97910.0,10736.0,55590.0,88992110
Deribit,eth_usd,355.43,1601368702.506,355.15,26850.0,355.2,101670.0,25948209
Deribit,eth_usd,355.43,1601368702.593,355.15,26867.0,355.2,101670.0,25948209
Deribit,btc_usd,10737.71,1601368702.802,10735.5,97910.0,10736.0,86590.0,88992110
Deribit,eth_usd,355.39,1601368703.445,355.15,26867.0,355.2,104170.0,25948209
Deribit,eth_usd,355.39,1601368703.447,355.15,24022.0,355.2,104170.0,25948209
Deribit,eth_usd,355.39,1601368703.454,355.15,9106.0,355.2,104170.0,25948209
Deribit,eth_usd,355.39,1601368703.467,355.15,9106.0,355.2,104180.0,25948209
Deribit,btc_usd,10737.71,1601368703.974,10735.5,62630.0,10736.0,86590.0,88992110
Deribit,btc_usd,10737.71,1601368703.978,10735.5,57650.0,10736.0,86590.0,88992110
Deribit,btc_usd,10737.71,1601368704.036,10735.5,57650.0,10736.0,88190.0,88992110
Deribit,btc_usd,10737.71,1601368704.036,10735.5,57650.0,10736.0,89790.0,88992110
Deribit,btc_usd,10737.71,1601368704.037,10735.5,57650.0,10736.0,91390.0,88992110
Deribit,btc_usd,10737.71,1601368704.038,10735.5,57650.0,10736.0,92970.0,88992110
Deribit,eth_usd,355.38,1601368704.113,355.15,9106.0,355.2,105174.0,25948209
Deribit,btc_usd,10737.67,1601368704.439,10735.5,57650.0,10736.0,91370.0,88992110
Deribit,btc_usd,10737.67,1601368704.441,10735.5,57650.0,10736.0,89770.0,88992110
Deribit,btc_usd,10737.67,1601368704.443,10735.5,57650.0,10736.0,88170.0,88992110
Deribit,btc_usd,10737.67,1601368704.446,10735.5,57650.0,10736.0,86590.0,88992110
Deribit,eth_usd,355.38,1601368704.825,355.15,9106.0,355.2,102674.0,25948209
Deribit,eth_usd,355.38,1601368704.944,355.15,9106.0,355.2,25364.0,25948209
Deribit,eth_usd,355.37,1601368705.938,355.15,9106.0,355.2,27864.0,25948209
Deribit,eth_usd,355.37,1601368706.15,355.15,9106.0,355.2,10364.0,25948209
Deribit,eth_usd,355.37,1601368706.174,355.15,9106.0,355.2,4364.0,25948209
Deribit,eth_usd,355.37,1601368706.347,355.15,9106.0,355.2,1864.0,25948209
Deribit,btc_usd,10737.69,1601368706.35,10735.5,57650.0,10736.0,88170.0,88992110
Deribit,btc_usd,10737.69,1601368706.353,10735.5,57650.0,10736.0,86590.0,88992110
Deribit,btc_usd,10737.69,1601368706.355,10735.5,57650.0,10736.0,88190.0,88992110
Deribit,btc_usd,10737.69,1601368706.356,10735.5,57650.0,10736.0,89790.0,88992110
Deribit,btc_usd,10737.69,1601368706.357,10735.5,57650.0,10736.0,91390.0,88992110
Deribit,btc_usd,10737.69,1601368706.358,10735.5,57650.0,10736.0,92970.0,88992110
Deribit,eth_usd,355.37,1601368706.424,355.15,9106.0,355.2,13864.0,25948209
Deribit,eth_usd,355.37,1601368706.657,355.15,9106.0,355.2,1864.0,25948209
Deribit,btc_usd,10737.69,1601368707.08,10735.5,57680.0,10736.0,92970.0,88992110
Deribit,eth_usd,355.38,1601368707.352,355.15,40106.0,355.2,1864.0,25948209
Deribit,eth_usd,355.38,1601368707.353,355.15,40106.0,355.2,4364.0,25948209
Deribit,eth_usd,355.38,1601368707.413,355.15,40106.0,355.2,12464.0,25948209
Deribit,btc_usd,10737.69,1601368707.76,10735.5,57680.0,10736.0,57420.0,88992110
Deribit,btc_usd,10737.69,1601368708.261,10735.5,57680.0,10736.0,95300.0,88992110
Deribit,eth_usd,355.38,1601368708.402,355.15,40106.0,355.2,14264.0,25948209
Deribit,eth_usd,355.38,1601368708.403,355.15,40106.0,355.2,12464.0,25948209
Deribit,eth_usd,355.37,1601368709.391,355.15,40106.0,355.2,16864.0,25948209
Deribit,eth_usd,355.37,1601368709.617,355.15,9106.0,355.2,16864.0,25948209
Deribit,eth_usd,355.37,1601368710.379,355.15,9106.0,355.2,18464.0,25948209
Deribit,eth_usd,355.37,1601368710.429,355.15,9106.0,355.2,16864.0,25948209
Deribit,eth_usd,355.37,1601368710.677,355.15,9106.0,355.2,12464.0,25948209
Deribit,eth_usd,355.37,1601368710.725,355.15,9106.0,355.2,9964.0,25948209
Deribit,eth_usd,355.37,1601368710.973,355.15,9116.0,355.2,9964.0,25948209
Deribit,eth_usd,355.37,1601368711.368,355.15,9116.0,355.2,19764.0,25948209
Deribit,eth_usd,355.37,1601368711.733,355.15,9116.0,355.2,22264.0,25948209
Deribit,eth_usd,355.36,1601368711.87,355.15,9116.0,355.2,12464.0,25948209
Deribit,eth_usd,355.36,1601368711.956,355.15,9116.0,355.2,9964.0,25948209
Deribit,eth_usd,355.36,1601368712.357,355.15,9116.0,355.2,15764.0,25948209
Deribit,eth_usd,355.38,1601368713.346,355.15,9116.0,355.2,21664.0,25948209
Deribit,btc_usd,10737.51,1601368713.684,10735.5,57680.0,10736.0,96300.0,88992110
Deribit,eth_usd,355.37,1601368714.101,355.15,9116.0,355.2,15764.0,25948209
Deribit,eth_usd,355.37,1601368714.335,355.15,9116.0,355.2,20064.0,25948209
Deribit,btc_usd,10737.51,1601368714.425,10735.5,57680.0,10736.0,95300.0,88992110
Deribit,eth_usd,355.37,1601368714.859,355.15,9116.0,355.2,15764.0,25948209
Deribit,eth_usd,355.37,1601368714.981,355.15,9116.0,355.2,18264.0,25948209
Deribit,eth_usd,355.37,1601368714.987,355.15,9116.0,355.2,15764.0,25948209
Deribit,btc_usd,10737.51,1601368715.263,10735.5,57680.0,10736.0,95280.0,88992130
Deribit,btc_usd,10737.51,1601368715.296,10735.5,57660.0,10736.0,95280.0,88992110
Deribit,eth_usd,355.37,1601368715.324,355.15,9116.0,355.2,24564.0,25948209
Deribit,btc_usd,10737.51,1601368715.431,10735.5,57660.0,10736.0,64280.0,88992110
Deribit,btc_usd,10737.51,1601368715.873,10735.5,57630.0,10736.0,64280.0,88992110
Deribit,eth_usd,355.37,1601368715.993,355.15,9116.0,355.2,27064.0,25948209
Deribit,btc_usd,10737.51,1601368716.209,10735.5,57630.0,10736.0,95280.0,88992110
Deribit,btc_usd,10737.51,1601368716.212,10735.5,57630.0,10736.0,64280.0,88992110
Deribit,btc_usd,10737.51,1601368716.324,10735.5,57370.0,10736.0,64280.0,88992110
Deribit,btc_usd,10737.51,1601368716.413,10735.5,57370.0,10736.0,64270.0,88992110
Deribit,btc_usd,10737.51,1601368716.459,10735.5,57610.0,10736.0,64270.0,88992110
Deribit,eth_usd,355.37,1601368716.514,355.15,9116.0,355.2,18264.0,25948209
Deribit,btc_usd,10737.51,1601368716.561,10735.5,57610.0,10736.0,26390.0,88992110
Deribit,eth_usd,355.37,1601368716.586,355.15,9116.0,355.2,15764.0,25948209
Deribit,btc_usd,10737.51,1601368716.815,10735.5,57610.0,10736.0,29090.0,88992110
Deribit,btc_usd,10737.51,1601368717.171,10735.5,57610.0,10736.0,26390.0,88992110
Deribit,eth_usd,355.37,1601368717.302,355.15,9116.0,355.2,19864.0,25948209
Deribit,eth_usd,355.37,1601368717.63,355.15,9116.0,355.2,15764.0,25948209
Deribit,eth_usd,355.37,1601368718.086,355.15,9116.0,355.2,18264.0,25948209
Deribit,eth_usd,355.37,1601368718.101,355.15,9116.0,355.2,15764.0,25948209
Deribit,eth_usd,355.37,1601368718.29,355.15,9116.0,355.2,19964.0,25948209
Deribit,btc_usd,10737.51,1601368718.325,10735.5,57610.0,10736.0,27390.0,88992110
Deribit,btc_usd,10737.61,1601368718.704,10735.5,57610.0,10736.0,30390.0,88992110
Deribit,eth_usd,355.37,1601368718.708,355.15,11616.0,355.2,19964.0,25948209
Deribit,btc_usd,10737.61,1601368718.785,10735.5,57610.0,10736.0,48490.0,88992110
Deribit,eth_usd,355.37,1601368718.792,355.15,9116.0,355.2,19964.0,25948209
Deribit,btc_usd,10737.61,1601368718.808,10735.5,57610.0,10736.0,45490.0,88992110
Deribit,btc_usd,10737.61,1601368719.007,10735.5,57610.0,10736.0,27390.0,88992110
Deribit,eth_usd,355.37,1601368719.107,355.15,9116.0,355.2,22464.0,25948209
Deribit,eth_usd,355.37,1601368719.146,355.15,9116.0,355.2,19964.0,25948209
Deribit,eth_usd,355.37,1601368719.422,355.15,9116.0,355.2,15764.0,25948209
Deribit,btc_usd,10737.61,1601368719.773,10735.5,57610.0,10736.0,44390.0,88992110
Deribit,eth_usd,355.36,1601368719.879,355.15,9116.0,355.2,81404.0,25948209
Deribit,eth_usd,355.36,1601368720.127,355.15,9116.0,355.2,101404.0,25948209
Deribit,eth_usd,355.36,1601368720.151,355.15,9116.0,355.2,103904.0,25948209
Deribit,eth_usd,355.36,1601368720.205,355.15,2116.0,355.2,103904.0,25944709
Deribit,eth_usd,355.36,1601368720.207,355.15,2116.0,355.2,122504.0,25944709
Deribit,eth_usd,355.36,1601368720.208,355.15,2116.0,355.2,103904.0,25944709
Deribit,eth_usd,355.36,1601368720.211,355.15,2116.0,355.2,109904.0,25944709
Deribit,btc_usd,10737.61,1601368720.293,10735.5,57610.0,10736.0,27390.0,88992110
Deribit,btc_usd,10737.61,1601368720.762,10735.5,57610.0,10736.0,45490.0,88992110
Deribit,btc_usd,10737.61,1601368720.966,10735.5,57610.0,10736.0,27390.0,88992110
Deribit,btc_usd,10737.44,1601368721.616,10735.5,57610.0,10736.0,27290.0,88992210
Deribit,btc_usd,10737.44,1601368721.751,10735.5,57610.0,10736.0,30990.0,88992210
Deribit,btc_usd,10737.44,1601368721.951,10735.5,57610.0,10736.0,27290.0,88992210
Deribit,btc_usd,10737.44,1601368722.74,10735.5,57610.0,10736.0,40990.0,88992210
Deribit,btc_usd,10737.3,1601368723.547,10735.5,57610.0,10736.0,27290.0,88992210
Deribit,eth_usd,355.34,1601368723.625,355.15,2116.0,355.2,140904.0,25944709
Deribit,btc_usd,10737.3,1601368723.729,10735.5,57610.0,10736.0,38590.0,88992210
Deribit,btc_usd,10737.3,1601368724.196,10735.5,57610.0,10736.0,27290.0,88992210
Deribit,btc_usd,10737.44,1601368724.718,10735.5,57610.0,10736.0,29790.0,88992210
Deribit,btc_usd,10737.43,1601368725.707,10735.5,57610.0,10736.0,40390.0,88992210
Deribit,eth_usd,355.34,1601368725.717,355.15,2116.0,355.2,109904.0,25944709
Deribit,btc_usd,10737.43,1601368726.555,10735.5,57610.0,10736.0,29790.0,88992210
Deribit,btc_usd,10737.43,1601368726.556,10735.5,57610.0,10736.0,27290.0,88992210
Deribit,btc_usd,10737.44,1601368727.684,10735.5,57610.0,10736.0,34790.0,88992210
Deribit,eth_usd,355.35,1601368727.74,355.15,2116.0,355.2,140904.0,25944709
Deribit,btc_usd,10737.44,1601368727.753,10735.5,57610.0,10736.0,27290.0,88992210
Deribit,eth_usd,355.35,1601368729.38,355.15,2116.0,355.2,138404.0,25944709
Deribit,btc_usd,10737.48,1601368729.411,10735.5,57610.0,10736.0,55940.0,88992210
Deribit,btc_usd,10737.29,1601368729.662,10735.5,57610.0,10736.0,72340.0,88992210
Deribit,btc_usd,10737.29,1601368729.719,10735.5,57610.0,10736.0,55940.0,88992210
Deribit,eth_usd,355.35,1601368729.975,355.15,2116.0,355.2,107404.0,25944709
Deribit,btc_usd,10737.44,1601368731.486,10735.5,57610.0,10736.0,55930.0,88992210
Deribit,eth_usd,355.35,1601368732.043,355.15,2116.0,355.2,138404.0,25944709
Deribit,btc_usd,10737.44,1601368732.082,10735.5,58960.0,10736.0,55930.0,88992210
Deribit,btc_usd,10737.47,1601368734.784,10735.5,61960.0,10736.0,55930.0,88992210
Deribit,eth_usd,355.34,1601368734.802,355.15,2116.0,355.2,140904.0,25944709
Deribit,btc_usd,10737.51,1601368735.55,10735.5,95440.0,10736.0,55930.0,88992210
Deribit,btc_usd,10737.51,1601368736.092,10735.5,95440.0,10736.0,205740.0,88992210
Deribit,btc_usd,10737.51,1601368736.304,10735.5,41760.0,10736.0,205740.0,88992210
Deribit,btc_usd,10737.51,1601368736.311,10735.5,41660.0,10736.0,205740.0,88992210
Deribit,btc_usd,10737.34,1601368737.013,10735.5,41660.0,10736.0,55930.0,88992210
Deribit,eth_usd,355.33,1601368737.624,355.15,2116.0,355.2,166073.0,25944709
Deribit,eth_usd,355.34,1601368738.063,355.15,2116.0,355.2,163573.0,25944709
Deribit,btc_usd,10737.44,1601368738.152,10735.5,42780.0,10736.0,55930.0,88992210
Deribit,btc_usd,10737.39,1601368738.562,10735.5,42780.0,10736.0,56430.0,88992210
Deribit,btc_usd,10737.39,1601368738.567,10735.5,42780.0,10736.0,55930.0,88992210
Deribit,eth_usd,355.34,1601368739.175,355.1,89.0,355.2,163573.0,25942699
Deribit,eth_usd,355.34,1601368739.178,355.1,89.0,355.15,21300.0,25942699
Deribit,eth_usd,355.34,1601368739.18,355.1,89.0,355.15,25100.0,25942699
Deribit,eth_usd,355.34,1601368739.18,355.1,89.0,355.15,31100.0,25942699
Deribit,eth_usd,355.34,1601368739.183,355.1,89.0,355.15,31900.0,25942699
Deribit,eth_usd,355.34,1601368739.185,355.05,17850.0,355.15,31900.0,25942699
Deribit,eth_usd,355.34,1601368739.187,355.05,17850.0,355.1,14700.0,25942699
Deribit,eth_usd,355.34,1601368739.189,355.05,17850.0,355.1,17800.0,25942699
Deribit,eth_usd,355.34,1601368739.195,355.05,17850.0,355.1,23800.0,25942699
Deribit,eth_usd,355.34,1601368739.196,355.05,17850.0,355.1,20700.0,25942699
Deribit,eth_usd,355.34,1601368739.258,355.05,17850.0,355.1,21500.0,25942699
Deribit,eth_usd,355.34,1601368739.275,355.05,17850.0,355.1,100890.0,25942699
Deribit,eth_usd,355.34,1601368739.305,355.05,16450.0,355.1,100890.0,25943359
Deribit,eth_usd,355.34,1601368739.494,355.05,16467.0,355.1,100890.0,25943359
Deribit,eth_usd,355.34,1601368739.596,355.05,16467.0,355.1,126059.0,25943359
Deribit,eth_usd,355.34,1601368739.646,355.05,17.0,355.1,126059.0,25943359
Deribit,eth_usd,355.34,1601368739.67,355.0,2099.0,355.1,126059.0,25943359
Deribit,eth_usd,355.34,1601368739.685,355.0,2099.0,355.1,146059.0,25943359
Deribit,eth_usd,355.34,1601368739.695,355.0,2099.0,355.1,66669.0,25943359
Deribit,eth_usd,355.34,1601368739.711,355.0,99.0,355.1,66669.0,25943359
Deribit,eth_usd,355.34,1601368739.756,355.0,99.0,355.1,69169.0,25943359
Deribit,eth_usd,355.34,1601368739.785,355.0,10.0,355.1,69169.0,25943359
Deribit,eth_usd,355.34,1601368739.818,355.0,10.0,355.05,633.0,25943359
Deribit,eth_usd,355.34,1601368739.82,355.0,10.0,355.05,25133.0,25943359
Deribit,eth_usd,355.34,1601368739.823,355.0,10.0,355.05,25933.0,25943359
Deribit,eth_usd,355.34,1601368739.826,355.0,10.0,355.05,51102.0,25943359
Deribit,eth_usd,355.34,1601368739.926,355.0,10.0,355.05,52602.0,25943359
Deribit,eth_usd,355.34,1601368739.937,355.0,27.0,355.05,52602.0,25943359
Deribit,eth_usd,355.34,1601368739.947,355.0,27.0,355.05,137172.0,25943359
Deribit,eth_usd,355.28,1601368739.958,355.0,27.0,355.05,137172.0,25943359
Deribit,eth_usd,355.28,1601368740.178,355.0,27.0,355.05,168172.0,25943359
Deribit,eth_usd,355.28,1601368740.24,355.0,27.0,355.05,170172.0,25943359
Deribit,btc_usd,10737.37,1601368740.948,10735.5,9300.0,10736.0,55930.0,88992210
Deribit,eth_usd,355.28,1601368741.034,355.0,1827.0,355.05,170172.0,25943359
Deribit,eth_usd,355.28,1601368741.387,355.0,27.0,355.05,170172.0,25943359
Deribit,btc_usd,10737.37,1601368741.928,10735.5,9060.0,10736.0,55930.0,88992210
Deribit,btc_usd,10737.37,1601368742.021,10735.5,9060.0,10736.0,55920.0,88992210
Deribit,btc_usd,10737.37,1601368742.067,10735.5,9280.0,10736.0,55920.0,88992210
Deribit,eth_usd,355.28,1601368742.236,355.0,27.0,355.05,170232.0,25943359
Deribit,eth_usd,355.28,1601368742.95,355.0,27.0,355.05,139232.0,25943359
Deribit,eth_usd,355.28,1601368742.952,355.0,27.0,355.05,138599.0,25943359
Deribit,eth_usd,355.28,1601368742.975,355.0,27.0,355.05,114099.0,25943359
Deribit,eth_usd,355.27,1601368743.012,355.0,4427.0,355.05,114099.0,25943359
Deribit,eth_usd,355.27,1601368743.245,355.0,27.0,355.05,114099.0,25943359
Deribit,eth_usd,355.28,1601368744.0,355.0,1027.0,355.05,114099.0,25943359
Deribit,eth_usd,355.28,1601368744.407,355.0,27.0,355.05,114099.0,25943359
Deribit,eth_usd,355.28,1601368744.411,355.0,27.0,355.05,145099.0,25943359
Deribit,eth_usd,355.28,1601368744.607,355.0,27.0,355.05,151099.0,25943359
Deribit,eth_usd,355.28,1601368744.989,355.0,1727.0,355.05,151099.0,25943359
Deribit,eth_usd,355.26,1601368745.068,355.0,1726.0,355.05,151099.0,25943359
Deribit,btc_usd,10737.37,1601368745.144,10735.5,9280.0,10736.0,59920.0,88992210
Deribit,eth_usd,355.26,1601368745.244,355.0,26.0,355.05,151099.0,25943359
Deribit,eth_usd,355.26,1601368746.257,355.0,36.0,355.05,151099.0,25943359
Deribit,btc_usd,10737.42,1601368747.716,10735.5,9280.0,10736.0,59970.0,88992210
Deribit,eth_usd,355.26,1601368747.858,355.0,46.0,355.05,151099.0,25943359
Deribit,eth_usd,355.26,1601368747.956,355.0,546.0,355.05,151099.0,25943359
Deribit,eth_usd,355.26,1601368747.966,355.0,46.0,355.05,151099.0,25943359
Deribit,eth_usd,355.26,1601368749.126,355.0,46.0,355.05,149099.0,25943359
Deribit,btc_usd,10737.42,1601368749.757,10735.5,9280.0,10736.0,59920.0,88992210
Deribit,eth_usd,355.26,1601368749.838,355.0,46.0,355.05,118099.0,25943359
Deribit,eth_usd,355.26,1601368749.934,355.0,1146.0,355.05,118099.0,25943359
Deribit,eth_usd,355.26,1601368750.922,355.0,4646.0,355.05,118099.0,25943359
Deribit,btc_usd,10737.42,1601368751.052,10735.5,9280.0,10736.0,58320.0,88992210
Deribit,btc_usd,10737.42,1601368751.053,10735.5,9280.0,10736.0,56740.0,88992210
Deribit,btc_usd,10737.42,1601368751.053,10735.5,9280.0,10736.0,55140.0,88992210
Deribit,btc_usd,10737.42,1601368751.054,10735.5,9280.0,10736.0,53540.0,88992210
Deribit,btc_usd,10737.42,1601368751.185,10735.5,9280.0,10736.0,55140.0,88992210
Deribit,btc_usd,10737.42,1601368751.186,10735.5,9280.0,10736.0,56740.0,88992210
Deribit,btc_usd,10737.42,1601368751.186,10735.5,9280.0,10736.0,58320.0,88992210
Deribit,btc_usd,10737.42,1601368751.187,10735.5,9280.0,10736.0,59920.0,88992210
Deribit,eth_usd,355.26,1601368751.668,355.0,1146.0,355.05,118099.0,25943359
Deribit,eth_usd,355.26,1601368751.864,355.0,1146.0,355.05,149099.0,25943359
Deribit,eth_usd,355.26,1601368751.911,355.0,1646.0,355.05,149099.0,25943359
Deribit,eth_usd,355.26,1601368752.519,355.0,1146.0,355.05,149099.0,25943359
Deribit,eth_usd,355.26,1601368752.548,355.0,46.0,355.05,149099.0,25943359
Deribit,eth_usd,355.26,1601368752.9,355.0,646.0,355.05,149099.0,25943359
Deribit,eth_usd,355.26,1601368753.363,355.0,46.0,355.05,149099.0,25943359
Deribit,eth_usd,355.26,1601368754.878,355.0,346.0,355.05,149099.0,25943359
Deribit,eth_usd,355.26,1601368754.907,355.0,46.0,355.05,149099.0,25943359
Deribit,eth_usd,355.26,1601368755.4,355.0,46.0,355.05,123930.0,25943359
Deribit,eth_usd,355.26,1601368755.401,355.0,46.0,355.05,92930.0,25943359
Deribit,btc_usd,10737.34,1601368755.784,10735.5,9180.0,10736.0,59920.0,88992110
Deribit,eth_usd,355.26,1601368756.861,355.0,1846.0,355.05,92930.0,25943359
Deribit,eth_usd,355.26,1601368757.729,355.0,46.0,355.05,92930.0,25943359
Deribit,eth_usd,355.26,1601368757.844,355.0,246.0,355.05,92930.0,25943359
Deribit,eth_usd,355.26,1601368757.964,355.0,46.0,355.05,92930.0,25943359
Deribit,eth_usd,355.26,1601368757.966,355.0,46.0,355.05,123930.0,25943359
Deribit,btc_usd,10737.37,1601368758.208,10735.5,9080.0,10736.0,59920.0,88992010
Deribit,eth_usd,355.26,1601368758.833,355.0,1446.0,355.05,123930.0,25943359
Deribit,eth_usd,355.26,1601368759.525,355.0,46.0,355.05,123930.0,25943359
Deribit,eth_usd,355.26,1601368761.8,355.0,1646.0,355.05,123930.0,25943359
Deribit,eth_usd,355.26,1601368762.76,355.0,1626.0,355.05,123930.0,25943359
Deribit,eth_usd,355.26,1601368762.765,355.0,26.0,355.05,123930.0,25943359
Deribit,btc_usd,10737.33,1601368762.79,10735.5,9080.0,10736.0,58320.0,88992010
Deribit,btc_usd,10737.33,1601368762.79,10735.5,9080.0,10736.0,56720.0,88992010
Deribit,btc_usd,10737.33,1601368762.791,10735.5,9080.0,10736.0,55120.0,88992010
Deribit,btc_usd,10737.33,1601368762.791,10735.5,9080.0,10736.0,53540.0,88992010
Deribit,btc_usd,10737.33,1601368762.876,10735.5,9080.0,10736.0,55140.0,88992010
Deribit,btc_usd,10737.33,1601368762.876,10735.5,9080.0,10736.0,56740.0,88992010
Deribit,btc_usd,10737.33,1601368762.877,10735.5,9080.0,10736.0,58320.0,88992010
Deribit,btc_usd,10737.33,1601368762.879,10735.5,9080.0,10736.0,59920.0,88992010
Deribit,btc_usd,10737.33,1601368763.602,10735.5,36120.0,10736.0,59920.0,88992010
Deribit,eth_usd,355.26,1601368763.778,355.0,226.0,355.05,123930.0,25943359
Deribit,eth_usd,355.26,1601368763.78,355.0,26.0,355.05,123930.0,25943359
Deribit,eth_usd,355.26,1601368764.753,355.0,26.0,355.05,92930.0,25943359
Deribit,eth_usd,355.26,1601368764.766,355.0,2926.0,355.05,92930.0,25943359
Deribit,btc_usd,10737.33,1601368765.217,10735.5,9080.0,10736.0,59920.0,88992010
Deribit,eth_usd,355.26,1601368765.405,355.0,26.0,355.05,92930.0,25943359
Deribit,eth_usd,355.26,1601368766.151,355.0,26.0,355.05,123930.0,25943359
Deribit,btc_usd,10737.33,1601368767.501,10735.5,8860.0,10736.0,59920.0,88992010
Deribit,btc_usd,10737.33,1601368767.608,10735.5,8860.0,10736.0,59910.0,88992010
Deribit,btc_usd,10737.33,1601368767.663,10735.5,9060.0,10736.0,59910.0,88992010
Deribit,eth_usd,355.26,1601368767.733,355.0,1226.0,355.05,123930.0,25943359
Deribit,eth_usd,355.26,1601368768.689,355.0,26.0,355.05,123930.0,25943359
Deribit,eth_usd,355.26,1601368769.711,355.0,2026.0,355.05,123930.0,25943359
Deribit,eth_usd,355.26,1601368770.255,355.0,26.0,355.05,123930.0,25943359
Deribit,eth_usd,355.26,1601368770.451,355.0,26.0,355.05,92930.0,25943359
Deribit,eth_usd,355.26,1601368770.7,355.0,1426.0,355.05,92930.0,25943359
Deribit,eth_usd,355.26,1601368770.937,355.0,26.0,355.05,92930.0,25943359
Deribit,btc_usd,10737.32,1601368770.962,10735.5,9060.0,10736.0,59960.0,88992010
Deribit,eth_usd,355.26,1601368771.688,355.0,526.0,355.05,92930.0,25943359
Deribit,eth_usd,355.26,1601368772.095,355.0,26.0,355.05,92930.0,25943359
Deribit,eth_usd,355.27,1601368772.677,355.0,1126.0,355.05,92930.0,25943359
Deribit,eth_usd,355.27,1601368772.79,355.0,26.0,355.05,92930.0,25943359
Deribit,eth_usd,355.27,1601368773.683,355.0,26.0,355.05,123930.0,25943359
Deribit,btc_usd,10737.32,1601368773.752,10735.5,9060.0,10736.0,59910.0,88992010
Deribit,eth_usd,355.27,1601368774.36,354.95,711.0,355.05,123930.0,25943339
Deribit,eth_usd,355.27,1601368774.363,354.95,711.0,355.0,18600.0,25943339
Deribit,eth_usd,355.27,1601368774.366,354.95,711.0,355.0,24600.0,25943339
Deribit,eth_usd,355.27,1601368774.369,354.95,711.0,355.0,25400.0,25943339
Deribit,eth_usd,355.27,1601368774.372,354.95,711.0,355.0,29000.0,25943339
Deribit,eth_usd,355.27,1601368774.374,354.95,711.0,355.0,25400.0,25943339
Deribit,eth_usd,355.27,1601368774.396,354.95,711.0,355.0,25460.0,25943339
Deribit,btc_usd,10737.36,1601368774.495,10735.5,9060.0,10736.0,31260.0,88992010
Deribit,eth_usd,355.27,1601368774.558,354.95,728.0,355.0,25460.0,25943339
Deribit,eth_usd,355.27,1601368774.598,354.95,657.0,355.0,25460.0,25943339
Deribit,eth_usd,355.27,1601368774.617,354.95,699.0,355.0,25460.0,25943339
Deribit,eth_usd,355.27,1601368774.655,354.95,5199.0,355.0,25460.0,25943339
Deribit,eth_usd,355.27,1601368774.681,354.95,5199.0,355.0,27960.0,25943339
Deribit,eth_usd,355.27,1601368774.684,354.95,5199.0,355.0,58960.0,25943339
Deribit,btc_usd,10737.36,1601368774.735,10735.5,9060.0,10736.0,62090.0,88992010
Deribit,eth_usd,355.27,1601368774.864,354.95,5199.0,355.0,59006.0,25943339
Deribit,eth_usd,355.27,1601368775.184,354.95,5199.0,355.0,28006.0,25943339
Deribit,eth_usd,355.26,1601368775.219,354.95,5199.0,355.0,25506.0,25943339
Deribit,eth_usd,355.26,1601368775.562,354.95,5199.0,355.0,19506.0,25943339
Deribit,eth_usd,355.26,1601368775.644,354.95,6599.0,355.0,19506.0,25943339
Deribit,eth_usd,355.26,1601368775.799,354.95,5199.0,355.0,19506.0,25943339
Deribit,eth_usd,355.26,1601368775.801,354.95,5199.0,355.0,50506.0,25943339
Deribit,eth_usd,355.26,1601368775.901,354.95,699.0,355.0,50506.0,25943339
Deribit,btc_usd,10737.38,1601368775.905,10735.5,9060.0,10736.0,31260.0,88992010
Deribit,eth_usd,355.26,1601368775.983,354.95,699.0,355.0,19506.0,25943339
Deribit,btc_usd,10737.38,1601368775.997,10735.5,9060.0,10736.0,62720.0,88992010
Deribit,btc_usd,10737.38,1601368776.135,10735.5,9060.0,10736.0,62770.0,88992010
Deribit,eth_usd,355.25,1601368776.457,354.95,657.0,355.0,19506.0,25943339
Deribit,eth_usd,355.25,1601368776.515,354.95,656.0,355.0,19506.0,25943339
Deribit,eth_usd,355.25,1601368776.633,354.95,2756.0,355.0,19506.0,25943339
Deribit,eth_usd,355.25,1601368776.791,354.95,2795.0,355.0,19506.0,25943339
Deribit,eth_usd,355.24,1601368777.439,354.95,695.0,355.0,19506.0,25943339
Deribit,btc_usd,10737.31,1601368777.587,10735.5,9060.0,10736.0,93770.0,88992010
Deribit,eth_usd,355.24,1601368777.773,354.95,695.0,355.0,22006.0,25943339
Deribit,eth_usd,355.24,1601368778.099,354.95,695.0,355.0,53006.0,25943339
Deribit,eth_usd,355.25,1601368778.442,354.95,656.0,355.0,53006.0,25943339
Deribit,eth_usd,355.25,1601368778.608,354.95,656.0,355.0,22006.0,25943339
Deribit,eth_usd,355.25,1601368778.61,354.95,2856.0,355.0,22006.0,25943339
Deribit,eth_usd,355.25,1601368778.636,354.95,656.0,355.0,22006.0,25943339
Deribit,eth_usd,355.25,1601368778.665,354.95,656.0,355.0,19506.0,25943339
Deribit,btc_usd,10737.24,1601368778.675,10735.5,9060.0,10736.0,93720.0,88992010
Deribit,eth_usd,355.25,1601368778.757,354.95,693.0,355.0,19506.0,25943339
Deribit,eth_usd,355.25,1601368779.599,354.95,2393.0,355.0,19506.0,25943339
Deribit,eth_usd,355.24,1601368780.52,354.95,2356.0,355.0,19506.0,25943339
Deribit,eth_usd,355.24,1601368780.588,354.95,3156.0,355.0,19506.0,25943339
Deribit,eth_usd,355.24,1601368780.599,354.95,2356.0,355.0,19506.0,25943339
Deribit,eth_usd,355.24,1601368780.718,354.95,656.0,355.0,19506.0,25943339
Deribit,eth_usd,355.24,1601368780.99,354.95,691.0,355.0,19506.0,25943339
Deribit,btc_usd,10737.11,1601368781.154,10735.5,10860.0,10736.0,93720.0,88992010
Deribit,btc_usd,10737.11,1601368781.356,10735.5,64540.0,10736.0,93720.0,88992010
Deribit,btc_usd,10737.11,1601368781.386,10735.5,97380.0,10736.0,93720.0,88992010
Deribit,eth_usd,355.24,1601368781.534,354.95,701.0,355.0,19506.0,25943339
Deribit,eth_usd,355.24,1601368781.543,354.95,701.0,355.0,19496.0,25943339
Deribit,eth_usd,355.24,1601368781.545,354.95,10701.0,355.0,19496.0,25943339
Deribit,eth_usd,355.24,1601368781.546,354.95,10701.0,355.0,906.0,25943339
Deribit,btc_usd,10737.11,1601368781.547,10735.5,97380.0,10736.0,92120.0,88992010
Deribit,btc_usd,10737.11,1601368781.548,10735.5,97380.0,10736.0,90520.0,88992010
Deribit,btc_usd,10737.11,1601368781.549,10735.5,97380.0,10736.0,88920.0,88992010
Deribit,btc_usd,10737.11,1601368781.55,10735.5,97380.0,10736.0,87340.0,88992010
Deribit,eth_usd,355.24,1601368781.577,354.95,13101.0,355.0,906.0,25943339
Deribit,eth_usd,355.24,1601368781.578,354.95,13101.0,355.0,7606.0,25943339
Deribit,eth_usd,355.24,1601368781.579,354.95,10701.0,355.0,7606.0,25943339
Deribit,eth_usd,355.24,1601368781.61,354.95,10701.0,355.0,6806.0,25943339
Deribit,btc_usd,10737.11,1601368781.833,10735.5,97380.0,10736.0,55880.0,88992010
Deribit,btc_usd,10737.11,1601368781.842,10735.5,97380.0,10736.0,56150.0,88992010
Deribit,btc_usd,10737.47,1601368781.973,10735.5,97380.0,10736.0,56050.0,88992110
Deribit,btc_usd,10737.47,1601368782.167,10735.5,97380.0,10736.0,52050.0,88992110
Deribit,btc_usd,10737.47,1601368782.356,10735.5,97380.0,10736.0,53650.0,88992110
Deribit,btc_usd,10737.47,1601368782.356,10735.5,97380.0,10736.0,55250.0,88992110
Deribit,btc_usd,10737.47,1601368782.357,10735.5,97380.0,10736.0,56830.0,88992110
Deribit,btc_usd,10737.47,1601368782.358,10735.5,97380.0,10736.0,58430.0,88992110
Deribit,btc_usd,10737.47,1601368782.463,10735.5,97380.0,10736.0,92110.0,88992110
Deribit,btc_usd,10737.47,1601368782.5,10735.5,97380.0,10736.0,90510.0,88992110
Deribit,btc_usd,10737.47,1601368782.5,10735.5,97380.0,10736.0,88910.0,88992110
Deribit,btc_usd,10737.47,1601368782.503,10735.5,97380.0,10736.0,87330.0,88992110
Deribit,btc_usd,10737.47,1601368782.509,10735.5,97380.0,10736.0,85730.0,88992110
Deribit,eth_usd,355.25,1601368782.566,354.95,10701.0,355.0,11806.0,25943339
Deribit,btc_usd,10737.47,1601368782.566,10735.5,97380.0,10736.0,84730.0,88992110
Deribit,eth_usd,355.25,1601368782.567,354.95,10666.0,355.0,11806.0,25943339
Deribit,eth_usd,355.25,1601368782.568,354.95,666.0,355.0,11806.0,25943339
Deribit,btc_usd,10737.47,1601368782.602,10735.5,97380.0,10736.0,53730.0,88992110
Deribit,btc_usd,10737.47,1601368782.61,10735.5,237830.0,10736.0,53730.0,88992110
Deribit,btc_usd,10737.47,1601368782.614,10735.5,237930.0,10736.0,53730.0,88992110
Deribit,eth_usd,355.25,1601368782.618,354.95,666.0,355.0,6806.0,25943339
Deribit,btc_usd,10737.47,1601368782.8,10735.5,238100.0,10736.0,53730.0,88992110
Deribit,eth_usd,355.25,1601368782.943,354.95,698.0,355.0,6806.0,25943339
Deribit,btc_usd,10737.4,1601368782.964,10735.5,238090.0,10736.0,53730.0,88992110
Deribit,btc_usd,10737.4,1601368783.056,10735.5,238090.0,10736.0,20050.0,88992110
Deribit,btc_usd,10737.4,1601368783.06,10735.5,238090.0,10736.0,21450.0,88992110
Deribit,btc_usd,10737.4,1601368783.064,10735.5,238090.0,10736.0,20050.0,88992110
Deribit,eth_usd,355.25,1601368783.555,354.95,7398.0,355.0,6806.0,25943339
Deribit,eth_usd,355.25,1601368783.556,354.95,7398.0,355.0,12706.0,25943339
Deribit,eth_usd,355.25,1601368783.682,354.95,7398.0,355.0,6806.0,25943339
Deribit,btc_usd,10737.37,1601368784.4,10735.5,97640.0,10736.0,20050.0,88992110
Deribit,btc_usd,10737.37,1601368784.514,10735.5,97480.0,10736.0,20050.0,88992110
Deribit,eth_usd,355.24,1601368784.543,354.95,8798.0,355.0,6806.0,25943339
Deribit,eth_usd,355.24,1601368784.545,354.95,8798.0,355.0,11806.0,25943339
Deribit,eth_usd,355.24,1601368784.957,354.95,8766.0,355.0,11806.0,25943339
Deribit,btc_usd,10737.07,1601368785.038,10735.5,97480.0,10736.0,21550.0,88992110
Deribit,btc_usd,10737.07,1601368785.082,10735.5,97480.0,10736.0,20050.0,88992110
Deribit,eth_usd,355.24,1601368785.334,354.95,8796.0,355.0,11806.0,25943339
Deribit,eth_usd,355.24,1601368785.532,354.95,10696.0,355.0,11806.0,25943339
Deribit,eth_usd,355.24,1601368785.614,354.95,10696.0,355.0,6806.0,25943339
Deribit,eth_usd,355.24,1601368785.751,354.95,8796.0,355.0,6806.0,25943339
Deribit,btc_usd,10737.11,1601368786.027,10735.5,97480.0,10736.0,25350.0,88992110
Deribit,eth_usd,355.24,1601368786.171,354.95,7396.0,355.0,6806.0,25943339
Deribit,eth_usd,355.24,1601368786.473,354.95,7366.0,355.0,6806.0,25943339
Deribit,eth_usd,355.24,1601368786.521,354.95,9366.0,355.0,6806.0,25943339
Deribit,eth_usd,355.24,1601368786.522,354.95,9366.0,355.0,11506.0,25943339
Deribit,eth_usd,355.24,1601368786.755,354.95,9394.0,355.0,11506.0,25943339
Deribit,btc_usd,10737.11,1601368786.78,10735.5,97480.0,10736.0,20050.0,88992110
Deribit,eth_usd,355.24,1601368786.933,354.95,9394.0,355.0,6806.0,25943339
Deribit,eth_usd,355.25,1601368787.51,354.95,11294.0,355.0,6806.0,25943339
Deribit,eth_usd,355.25,1601368787.511,354.95,11294.0,355.0,10006.0,25943339
Deribit,eth_usd,355.25,1601368787.737,354.95,9394.0,355.0,10006.0,25943339
Deribit,eth_usd,355.25,1601368787.738,354.95,9366.0,355.0,10006.0,25943339
Deribit,eth_usd,355.25,1601368787.895,354.95,9366.0,355.0,12506.0,25943339
Deribit,btc_usd,10736.93,1601368788.004,10735.5,97480.0,10736.0,22850.0,88992110
Deribit,eth_usd,355.25,1601368788.022,354.95,9392.0,355.0,12506.0,25943339
Deribit,eth_usd,355.25,1601368788.026,354.95,7392.0,355.0,12506.0,25943339
Deribit,btc_usd,10736.93,1601368788.217,10735.5,97480.0,10736.0,20050.0,88992110
Deribit,btc_usd,10736.93,1601368788.603,10735.5,97480.0,10736.0,21050.0,88992110
Deribit,eth_usd,355.24,1601368788.644,354.95,7392.0,355.0,10006.0,25943339
Deribit,eth_usd,355.24,1601368788.951,354.95,692.0,355.0,10006.0,25943339
Deribit,btc_usd,10736.93,1601368788.993,10735.5,97480.0,10736.0,25450.0,88992110
Deribit,btc_usd,10736.93,1601368789.107,10735.5,97480.0,10736.0,24450.0,88992110
Deribit,eth_usd,355.24,1601368789.153,354.95,692.0,355.0,79906.0,25943339
Deribit,btc_usd,10736.93,1601368789.162,10735.5,97480.0,10736.0,20050.0,88992110
Deribit,btc_usd,10736.93,1601368789.284,10735.5,97480.0,10736.0,48850.0,88992110
Deribit,btc_usd,10736.93,1601368789.289,10735.5,97480.0,10736.0,50450.0,88992110
Deribit,btc_usd,10736.93,1601368789.289,10735.5,97480.0,10736.0,52030.0,88992110
Deribit,btc_usd,10736.93,1601368789.29,10735.5,97480.0,10736.0,53630.0,88992110
Deribit,btc_usd,10736.93,1601368789.291,10735.5,97480.0,10736.0,55230.0,88992110
Deribit,eth_usd,355.24,1601368789.488,354.95,1492.0,355.0,79906.0,25943339
Deribit,eth_usd,355.24,1601368789.576,354.95,692.0,355.0,79906.0,25943339
Deribit,eth_usd,355.24,1601368789.583,354.95,692.0,355.0,85906.0,25943339
Deribit,eth_usd,355.24,1601368789.652,354.95,692.0,355.0,88406.0,25943339
Deribit,eth_usd,355.24,1601368789.785,354.95,692.0,355.0,119406.0,25943339
Deribit,btc_usd,10736.93,1601368789.801,10735.5,95680.0,10736.0,55230.0,88992110
Deribit,eth_usd,355.24,1601368789.972,354.95,692.0,355.0,88406.0,25943339
Deribit,eth_usd,355.24,1601368790.004,354.95,666.0,355.0,88406.0,25943339
Deribit,eth_usd,355.24,1601368790.063,354.95,666.0,355.0,18506.0,25943339
Deribit,btc_usd,10736.96,1601368790.094,10735.5,62840.0,10736.0,55230.0,88992110
Deribit,eth_usd,355.24,1601368790.412,354.95,690.0,355.0,18506.0,25943339
Deribit,eth_usd,355.24,1601368790.477,354.95,3990.0,355.0,18506.0,25943339
Deribit,btc_usd,10736.96,1601368790.911,10735.5,88600.0,10736.0,55230.0,88992110
Deribit,eth_usd,355.24,1601368790.984,354.95,3990.0,355.0,49506.0,25943339
Deribit,eth_usd,355.24,1601368790.995,354.95,690.0,355.0,49506.0,25943339
Deribit,eth_usd,355.24,1601368791.465,354.95,3390.0,355.0,49506.0,25943339
Deribit,eth_usd,355.24,1601368791.489,354.95,690.0,355.0,49506.0,25943339
Deribit,eth_usd,355.24,1601368791.582,354.95,690.0,355.0,50306.0,25943339
Deribit,eth_usd,355.24,1601368792.004,354.95,666.0,355.0,50306.0,25943339
Deribit,eth_usd,355.24,1601368792.108,354.95,1066.0,355.0,50306.0,25943339
Deribit,eth_usd,355.24,1601368792.287,354.95,1088.0,355.0,50306.0,25943339
Deribit,btc_usd,10736.83,1601368792.407,10735.5,88600.0,10736.0,55210.0,88992130
Deribit,eth_usd,355.23,1601368792.454,354.95,1388.0,355.0,50306.0,25943339
Deribit,btc_usd,10736.83,1601368792.472,10735.5,88580.0,10736.0,55210.0,88992110
Deribit,eth_usd,355.23,1601368792.475,354.95,1088.0,355.0,50306.0,25943339
Deribit,btc_usd,10736.8,1601368793.059,10735.5,88580.0,10736.0,56210.0,88992110
Deribit,btc_usd,10736.8,1601368793.123,10735.5,88380.0,10736.0,56210.0,88992110
Deribit,eth_usd,355.23,1601368793.443,354.95,3488.0,355.0,50306.0,25943339
Deribit,eth_usd,355.23,1601368794.116,354.95,3466.0,355.0,50306.0,25943339
Deribit,btc_usd,10736.8,1601368794.214,10735.5,88570.0,10736.0,56210.0,88992110
Deribit,eth_usd,355.23,1601368794.432,354.95,5166.0,355.0,50306.0,25943339
Deribit,eth_usd,355.23,1601368794.477,354.95,5186.0,355.0,50306.0,25943339
Deribit,eth_usd,355.23,1601368794.592,354.95,3486.0,355.0,50306.0,25943339
Deribit,eth_usd,355.23,1601368795.319,354.95,3466.0,355.0,50306.0,25943339
Deribit,eth_usd,355.23,1601368795.421,354.95,3866.0,355.0,50306.0,25943339
Deribit,eth_usd,355.23,1601368795.523,354.95,1466.0,355.0,50306.0,25943339
Deribit,eth_usd,355.23,1601368795.524,354.95,1066.0,355.0,50306.0,25943339
Deribit,eth_usd,355.23,1601368795.602,354.95,1085.0,355.0,50306.0,25943339
Deribit,btc_usd,10736.8,1601368795.655,10735.5,88570.0,10736.0,55210.0,88992110
Deribit,btc_usd,10736.8,1601368796.248,10735.5,88570.0,10736.0,56210.0,88992110
Deribit,eth_usd,355.23,1601368796.371,354.95,1085.0,355.0,19306.0,25943339
Deribit,eth_usd,355.23,1601368796.41,354.95,4285.0,355.0,19306.0,25943339
Deribit,eth_usd,355.23,1601368796.631,354.95,4266.0,355.0,19306.0,25943339
Deribit,btc_usd,10736.8,1601368796.646,10735.5,88570.0,10736.0,56230.0,88992110
Deribit,eth_usd,355.23,1601368796.929,354.95,4284.0,355.0,19306.0,25943339
Deribit,eth_usd,355.22,1601368798.387,354.95,9184.0,355.0,19306.0,25943339
Deribit,eth_usd,355.22,1601368798.644,354.95,4284.0,355.0,19306.0,25943339
Deribit,eth_usd,355.22,1601368799.304,354.95,4266.0,355.0,19306.0,25943339
Deribit,eth_usd,355.22,1601368799.376,354.95,7566.0,355.0,19306.0,25943339
Deribit,eth_usd,355.22,1601368799.618,354.95,7566.0,355.0,50306.0,25943339
Deribit,eth_usd,355.22,1601368799.666,354.95,7583.0,355.0,50306.0,25943339
Deribit,eth_usd,355.22,1601368800.087,354.95,4283.0,355.0,50306.0,25943339
Deribit,eth_usd,355.22,1601368800.365,354.95,7983.0,355.0,50306.0,25943339
Deribit,eth_usd,355.22,1601368800.663,354.95,7966.0,355.0,50306.0,25943339
Deribit,eth_usd,355.22,1601368800.665,354.95,7966.0,355.0,19306.0,25943339
Deribit,eth_usd,355.22,1601368800.941,354.95,4266.0,355.0,19306.0,25943339
Deribit,eth_usd,355.22,1601368801.055,354.95,4282.0,355.0,19306.0,25943339
Deribit,eth_usd,355.22,1601368801.354,354.95,8082.0,355.0,19306.0,25943339
Deribit,btc_usd,10736.82,1601368801.877,10735.5,88500.0,10736.0,56230.0,88992110
Deribit,btc_usd,10736.78,1601368802.167,10735.5,88500.0,10736.0,43560.0,89004780
Deribit,eth_usd,355.22,1601368802.179,354.95,8082.0,355.0,13306.0,25943339
Deribit,eth_usd,355.22,1601368802.343,354.95,11082.0,355.0,13306.0,25943339
Deribit,eth_usd,355.22,1601368802.638,354.95,8082.0,355.0,13306.0,25943339
Deribit,eth_usd,355.22,1601368802.647,354.95,8066.0,355.0,13306.0,25943339
Deribit,btc_usd,10736.78,1601368802.744,10735.5,88500.0,10736.0,43580.0,89004780
Deribit,eth_usd,355.22,1601368802.744,354.95,4266.0,355.0,13306.0,25943339
Deribit,btc_usd,10736.78,1601368802.753,10735.5,88500.0,10736.0,43570.0,89004790
Deribit,btc_usd,10736.78,1601368802.844,10735.5,88500.0,10736.0,43590.0,89004790
Deribit,btc_usd,10736.78,1601368802.873,10735.5,88500.0,10736.0,43620.0,89004790
Deribit,eth_usd,355.22,1601368803.039,354.95,4281.0,355.0,13306.0,25943339
Deribit,eth_usd,355.22,1601368803.332,354.95,11181.0,355.0,13306.0,25943339
Deribit,eth_usd,355.22,1601368803.379,354.95,4281.0,355.0,13306.0,25943339
Deribit,btc_usd,10736.78,1601368803.974,10735.5,88500.0,10736.0,43630.0,89004790
Deribit,eth_usd,355.22,1601368803.976,354.95,4281.0,355.0,44306.0,25943339
Deribit,eth_usd,355.22,1601368804.132,354.95,4266.0,355.0,44306.0,25943339
Deribit,eth_usd,355.22,1601368804.148,354.95,4266.0,355.0,41106.0,25943339
Deribit,eth_usd,355.22,1601368804.321,354.95,14266.0,355.0,41106.0,25943339
Deribit,eth_usd,355.22,1601368804.429,354.95,14280.0,355.0,41106.0,25943339
Deribit,eth_usd,355.22,1601368804.87,354.95,14280.0,355.0,10106.0,25943339
Deribit,eth_usd,355.22,1601368804.926,354.95,14280.0,355.0,7606.0,25943339
Deribit,eth_usd,355.22,1601368805.232,354.95,14280.0,355.0,7546.0,25943339
Deribit,eth_usd,355.22,1601368805.309,354.95,14280.0,355.0,8446.0,25943339
Deribit,eth_usd,355.22,1601368805.366,354.95,14266.0,355.0,8446.0,25943339
Deribit,eth_usd,355.23,1601368805.712,354.95,14279.0,355.0,8446.0,25943339
Deribit,eth_usd,355.23,1601368806.298,354.95,14279.0,355.0,11446.0,25943339
Deribit,eth_usd,355.23,1601368806.303,354.95,14266.0,355.0,11446.0,25943339
Deribit,eth_usd,355.23,1601368806.311,354.95,14266.0,355.0,13946.0,25943339
Deribit,eth_usd,355.23,1601368806.606,354.95,14266.0,355.0,10946.0,25943339
Deribit,eth_usd,355.23,1601368806.607,354.95,14266.0,355.0,10046.0,25943339
Deribit,eth_usd,355.23,1601368806.695,354.95,14278.0,355.0,10046.0,25943339
Deribit,eth_usd,355.23,1601368807.137,354.95,4278.0,355.0,10046.0,25943339
Deribit,eth_usd,355.23,1601368807.286,354.95,4278.0,355.0,7546.0,25943339
Deribit,eth_usd,355.23,1601368807.287,354.95,10478.0,355.0,7546.0,25943339
Deribit,eth_usd,355.23,1601368807.288,354.95,10478.0,355.0,9546.0,25943339
Deribit,eth_usd,355.23,1601368807.717,354.95,10478.0,355.0,7546.0,25943339
Deribit,eth_usd,355.23,1601368808.069,354.95,10466.0,355.0,7546.0,25943339
Deribit,eth_usd,355.23,1601368808.276,354.95,13166.0,355.0,7546.0,25943339
Deribit,eth_usd,355.23,1601368808.277,354.95,13166.0,355.0,10046.0,25943339
Deribit,eth_usd,355.23,1601368808.293,354.95,13166.0,355.0,12546.0,25943339
Deribit,eth_usd,355.23,1601368808.351,354.95,13177.0,355.0,12546.0,25943339
Deribit,eth_usd,355.23,1601368808.496,354.95,10477.0,355.0,12546.0,25943339
Deribit,eth_usd,355.23,1601368808.588,354.95,10477.0,355.0,10046.0,25943339
Deribit,eth_usd,355.23,1601368808.59,354.95,10477.0,355.0,7546.0,25943339
Deribit,eth_usd,355.23,1601368808.611,354.95,10477.0,355.0,846.0,25943339
Deribit,eth_usd,355.23,1601368808.663,354.95,10477.0,355.0,46.0,25943339
Deribit,eth_usd,355.23,1601368808.669,354.95,16477.0,355.0,46.0,25943339
Deribit,eth_usd,355.23,1601368808.752,354.95,16477.0,355.05,889.0,25943339
Deribit,eth_usd,355.23,1601368808.754,355.0,11500.0,355.05,889.0,25943339
Deribit,eth_usd,355.23,1601368808.756,355.0,16900.0,355.05,889.0,25943339
Deribit,eth_usd,355.23,1601368808.758,355.0,17543.0,355.05,889.0,25943339
Deribit,eth_usd,355.23,1601368808.759,355.0,23543.0,355.05,889.0,25943339
Deribit,eth_usd,355.23,1601368808.797,355.0,23543.0,355.05,89.0,25943339
Deribit,eth_usd,355.23,1601368808.819,355.0,53543.0,355.05,89.0,25943339
Deribit,eth_usd,355.23,1601368808.983,355.0,53560.0,355.05,89.0,25943339
Deribit,eth_usd,355.23,1601368809.057,355.0,53560.0,355.1,1885.0,25943339
Deribit,eth_usd,355.23,1601368809.07,355.0,53560.0,355.05,91.0,25943339
Deribit,eth_usd,355.23,1601368809.072,355.0,53560.0,355.05,3791.0,25943339
Deribit,btc_usd,10736.89,1601368809.088,10735.5,88500.0,10736.0,42630.0,89004790
Deribit,eth_usd,355.23,1601368809.15,355.0,53960.0,355.05,3791.0,25943339
Deribit,btc_usd,10736.89,1601368809.23,10735.5,88500.0,10736.0,42680.0,89004790
Deribit,eth_usd,355.23,1601368809.265,355.0,53960.0,355.05,5891.0,25943339
Deribit,btc_usd,10736.89,1601368809.337,10735.5,88500.0,10736.0,42630.0,89004790
Deribit,eth_usd,355.23,1601368809.346,355.0,84960.0,355.05,5891.0,25943339
Deribit,eth_usd,355.23,1601368809.347,355.0,84960.0,355.05,3791.0,25943339
Deribit,eth_usd,355.23,1601368809.383,355.0,84960.0,355.05,3700.0,25943339
Deribit,eth_usd,355.23,1601368809.398,355.0,84960.0,355.05,3791.0,25943339
Deribit,btc_usd,10736.89,1601368809.44,10735.5,88500.0,10736.0,43630.0,89004790
Deribit,eth_usd,355.26,1601368810.254,355.0,84960.0,355.05,5291.0,25943339
Deribit,eth_usd,355.26,1601368810.357,355.0,53960.0,355.05,5291.0,25943339
Deribit,eth_usd,355.26,1601368810.36,355.0,48560.0,355.05,5291.0,25943339
Deribit,eth_usd,355.26,1601368811.243,355.0,48560.0,355.05,7891.0,25943339
Deribit,eth_usd,355.26,1601368811.443,355.0,48560.0,355.05,5291.0,25943339
Deribit,eth_usd,355.26,1601368811.448,355.0,79560.0,355.05,5291.0,25943339
Deribit,btc_usd,10736.86,1601368811.85,10735.5,88500.0,10736.0,74630.0,89004790
Deribit,eth_usd,355.26,1601368812.078,355.0,78917.0,355.05,5291.0,25943339
Deribit,eth_usd,355.26,1601368812.231,355.0,78917.0,355.05,8091.0,25943339
Deribit,btc_usd,10736.86,1601368812.429,10735.5,88500.0,10736.0,73630.0,89004790
Deribit,eth_usd,355.26,1601368812.555,355.0,78917.0,355.05,6591.0,25943339
Deribit,eth_usd,355.26,1601368812.556,355.0,78917.0,355.05,3791.0,25943339
Deribit,eth_usd,355.26,1601368812.569,355.0,78917.0,355.05,91.0,25943339
Deribit,btc_usd,10736.86,1601368812.801,10735.5,88500.0,10736.0,74630.0,89004790
Deribit,eth_usd,355.26,1601368813.22,355.0,78917.0,355.05,10591.0,25943339
Deribit,eth_usd,355.27,1601368813.836,355.0,48917.0,355.05,10591.0,25943339
Deribit,eth_usd,355.27,1601368813.837,355.0,17917.0,355.05,10591.0,25943339
Deribit,eth_usd,355.27,1601368813.842,355.0,6417.0,355.05,10591.0,25943339
Deribit,eth_usd,355.27,1601368813.9,355.0,417.0,355.05,10591.0,25943339
Deribit,eth_usd,355.27,1601368813.918,355.0,417.0,355.05,10651.0,25943339
Deribit,eth_usd,355.27,1601368814.209,355.0,8017.0,355.05,10651.0,25943339
Deribit,eth_usd,355.27,1601368814.21,355.0,8017.0,355.05,15451.0,25943339
Deribit,eth_usd,355.27,1601368814.283,355.0,417.0,355.05,15451.0,25943339
Deribit,eth_usd,355.26,1601368814.7,355.0,417.0,355.05,46451.0,25943339
Deribit,eth_usd,355.26,1601368815.198,355.0,10017.0,355.05,46451.0,25943339
Deribit,eth_usd,355.26,1601368815.213,355.0,10017.0,355.05,41651.0,25943339
Deribit,eth_usd,355.26,1601368815.648,355.0,10017.0,355.05,10651.0,25943339
Deribit,btc_usd,10736.78,1601368815.794,10735.5,88500.0,10736.0,74680.0,89004790
Deribit,btc_usd,10736.78,1601368815.884,10735.5,88500.0,10736.0,45880.0,89004790
Deribit,eth_usd,355.26,1601368816.041,355.0,10017.0,355.05,151.0,25943339
Deribit,eth_usd,355.26,1601368816.043,355.0,16017.0,355.05,151.0,25943339
Deribit,eth_usd,355.26,1601368816.055,355.0,16017.0,355.05,91.0,25943339
Deribit,eth_usd,355.26,1601368816.187,355.0,24417.0,355.05,91.0,25943339
Deribit,eth_usd,355.26,1601368816.213,355.0,24417.0,355.1,899.0,25943339
Deribit,eth_usd,355.26,1601368816.215,355.05,14800.0,355.1,899.0,25943339
Deribit,eth_usd,355.26,1601368816.216,355.05,17600.0,355.1,899.0,25943339
Deribit,eth_usd,355.26,1601368816.22,355.05,23600.0,355.1,899.0,25943339
Deribit,btc_usd,10736.82,1601368816.393,10735.5,88500.0,10736.0,45830.0,89004790
Deribit,eth_usd,355.26,1601368816.442,355.05,23617.0,355.1,899.0,25943339
Deribit,eth_usd,355.28,1601368816.506,355.05,23617.0,355.1,99.0,25943339
Deribit,eth_usd,355.28,1601368816.653,355.05,20817.0,355.1,99.0,25943339
Deribit,eth_usd,355.28,1601368816.694,355.05,20817.0,355.1,10.0,25943339
Deribit,eth_usd,355.28,1601368816.709,355.05,20800.0,355.1,10.0,25943339
Deribit,eth_usd,355.28,1601368816.713,355.05,20800.0,355.1,76.0,25943339
Deribit,eth_usd,355.28,1601368816.716,355.05,51800.0,355.1,76.0,25943339
Deribit,eth_usd,355.28,1601368816.849,355.05,20800.0,355.1,76.0,25943339
Deribit,eth_usd,355.28,1601368817.071,355.05,20821.0,355.1,76.0,25943339
Deribit,eth_usd,355.28,1601368817.176,355.05,20821.0,355.1,8376.0,25943339
Deribit,eth_usd,355.28,1601368817.226,355.05,21221.0,355.1,8376.0,25943339
Deribit,eth_usd,355.28,1601368817.346,355.05,21221.0,355.1,9176.0,25943339
Deribit,eth_usd,355.28,1601368817.496,355.05,6421.0,355.1,9176.0,25943339
Deribit,eth_usd,355.28,1601368817.528,355.05,421.0,355.1,9176.0,25943339
Deribit,eth_usd,355.28,1601368817.625,355.05,421.0,355.1,9236.0,25943339
Deribit,eth_usd,355.28,1601368817.912,355.05,421.0,355.1,40236.0,25943339
Deribit,eth_usd,355.28,1601368818.163,355.05,21.0,355.1,40236.0,25943339
Deribit,eth_usd,355.28,1601368818.165,355.05,3221.0,355.1,40236.0,25943339
Deribit,eth_usd,355.28,1601368818.384,355.05,3221.0,355.1,9236.0,25943339
Deribit,eth_usd,355.28,1601368818.504,355.05,3221.0,355.1,11736.0,25943339
Deribit,eth_usd,355.28,1601368819.153,355.05,5521.0,355.1,11736.0,25943339
Deribit,eth_usd,355.28,1601368819.154,355.05,5521.0,355.1,16936.0,25943339
Deribit,eth_usd,355.28,1601368819.23,355.05,5521.0,355.1,11736.0,25943339
Deribit,eth_usd,355.28,1601368819.668,355.05,3221.0,355.1,11736.0,25943339
Deribit,btc_usd,10736.82,1601368819.67,10735.5,88310.0,10736.0,45830.0,89004790
Deribit,eth_usd,355.28,1601368820.142,355.05,4121.0,355.1,11736.0,25943339
Deribit,eth_usd,355.28,1601368820.144,355.05,4121.0,355.1,18736.0,25943339
Deribit,eth_usd,355.28,1601368820.176,355.05,3221.0,355.1,18736.0,25943339
Deribit,btc_usd,10736.87,1601368820.781,10735.5,88490.0,10736.0,45830.0,89004790
Deribit,eth_usd,355.28,1601368821.131,355.05,6021.0,355.1,18736.0,25943339
Deribit,eth_usd,355.27,1601368821.598,355.05,3221.0,355.1,18736.0,25943339
Deribit,eth_usd,355.27,1601368822.12,355.05,5521.0,355.1,18736.0,25943339
Deribit,eth_usd,355.27,1601368822.347,355.05,3221.0,355.1,18736.0,25943339
Deribit,eth_usd,355.27,1601368822.567,355.05,21.0,355.1,18736.0,25943339
Deribit,btc_usd,10737.0,1601368822.614,10735.5,88490.0,10736.0,59630.0,89004790
Deribit,btc_usd,10737.0,1601368822.979,10735.5,88490.0,10736.0,45830.0,89004790
Deribit,eth_usd,355.27,1601368823.109,355.05,4021.0,355.1,18736.0,25943339
Deribit,btc_usd,10737.0,1601368823.603,10735.5,88490.0,10736.0,57230.0,89004790
Deribit,eth_usd,355.27,1601368823.742,355.05,4031.0,355.1,18736.0,25943339
Deribit,eth_usd,355.27,1601368823.752,355.05,31.0,355.1,18736.0,25943339
Deribit,eth_usd,355.27,1601368823.966,355.05,31.0,355.1,16236.0,25943339
Deribit,btc_usd,10737.0,1601368824.031,10735.5,62730.0,10736.0,57230.0,89004790
Deribit,eth_usd,355.27,1601368824.098,355.05,31.0,355.1,22936.0,25943339
Deribit,btc_usd,10736.99,1601368824.186,10735.5,62730.0,10736.0,45830.0,89004790
Deribit,btc_usd,10736.99,1601368824.559,10735.5,91410.0,10736.0,45830.0,89004790
Deribit,eth_usd,355.27,1601368824.579,355.05,31.0,355.1,53936.0,25943339
Deribit,btc_usd,10736.99,1601368824.592,10735.5,91410.0,10736.0,45930.0,89004790
Deribit,btc_usd,10736.99,1601368824.594,10735.5,91410.0,10736.0,45830.0,89004790
Deribit,eth_usd,355.27,1601368824.972,355.05,31.0,355.1,56436.0,25943339
Deribit,eth_usd,355.27,1601368825.085,355.05,10.0,355.1,56436.0,25943339
Deribit,eth_usd,355.27,1601368825.086,355.05,710.0,355.1,56436.0,25943339
Deribit,eth_usd,355.27,1601368825.305,355.05,710.0,355.1,49736.0,25943339
Deribit,eth_usd,355.27,1601368825.384,355.05,729.0,355.1,49736.0,25943339
Deribit,btc_usd,10736.99,1601368825.581,10735.5,91410.0,10736.0,45930.0,89004790
Deribit,btc_usd,10736.99,1601368825.588,10735.5,91410.0,10736.0,45830.0,89004790
Deribit,eth_usd,355.27,1601368825.632,355.05,729.0,355.1,47236.0,25943339
Deribit,btc_usd,10736.99,1601368825.994,10735.5,62730.0,10736.0,45830.0,89004790
Deribit,eth_usd,355.27,1601368826.075,355.05,2729.0,355.1,47236.0,25943339
Deribit,eth_usd,355.27,1601368826.168,355.05,729.0,355.1,47236.0,25943339
Deribit,btc_usd,10736.98,1601368826.57,10735.5,62730.0,10736.0,47930.0,89004790
Deribit,btc_usd,10736.98,1601368826.599,10735.5,62730.0,10736.0,45830.0,89004790
Deribit,eth_usd,355.27,1601368826.639,355.05,729.0,355.1,49736.0,25943339
Deribit,eth_usd,355.27,1601368826.779,355.05,29.0,355.1,49736.0,25943339
Deribit,eth_usd,355.27,1601368827.472,355.05,29.0,355.1,18736.0,25943339
Deribit,eth_usd,355.27,1601368827.515,355.05,29.0,355.1,16236.0,25943339
Deribit,btc_usd,10736.98,1601368827.874,10735.5,62730.0,10736.0,48830.0,89004790
Deribit,eth_usd,355.27,1601368827.877,355.05,2529.0,355.1,16236.0,25943339
Deribit,eth_usd,355.27,1601368828.053,355.05,6829.0,355.1,16236.0,25943339
Deribit,eth_usd,355.27,1601368828.078,355.05,4329.0,355.1,16236.0,25943339
Deribit,btc_usd,10736.98,1601368828.094,10735.5,62730.0,10736.0,45830.0,89004790
Deribit,btc_usd,10736.98,1601368828.4,10735.5,94820.0,10736.0,45830.0,89004790
Deribit,eth_usd,355.27,1601368829.042,355.05,8729.0,355.1,16236.0,25943339
Deribit,eth_usd,355.27,1601368829.612,355.05,4329.0,355.1,16236.0,25943339
Deribit,eth_usd,355.27,1601368829.787,355.05,4329.0,355.1,47236.0,25943339
Deribit,eth_usd,355.27,1601368830.031,355.05,5929.0,355.1,47236.0,25943339
Deribit,eth_usd,355.27,1601368830.188,355.05,4329.0,355.1,47236.0,25943339
Deribit,btc_usd,10736.99,1601368830.525,10735.5,94820.0,10736.0,47430.0,89004790
Deribit,btc_usd,10736.99,1601368830.538,10735.5,94820.0,10736.0,45830.0,89004790
Deribit,btc_usd,10736.99,1601368830.67,10735.5,62730.0,10736.0,45830.0,89004790
Deribit,eth_usd,355.27,1601368830.78,355.05,4329.0,355.1,40236.0,25943339
Deribit,eth_usd,355.27,1601368830.785,355.05,4329.0,355.1,9236.0,25943339
Deribit,eth_usd,355.27,1601368831.02,355.05,6629.0,355.1,9236.0,25943339
Deribit,eth_usd,355.27,1601368831.021,355.05,6629.0,355.1,16836.0,25943339
Deribit,eth_usd,355.27,1601368831.893,355.05,4329.0,355.1,16836.0,25943339
Deribit,eth_usd,355.27,1601368832.008,355.05,6929.0,355.1,16836.0,25943339
Deribit,eth_usd,355.27,1601368832.031,355.05,4329.0,355.1,16836.0,25943339
Deribit,eth_usd,355.27,1601368832.344,355.05,29.0,355.1,16836.0,25943339
Deribit,eth_usd,355.27,1601368832.508,355.05,29.0,355.1,19336.0,25943339
Deribit,eth_usd,355.27,1601368832.685,355.05,29.0,355.1,18536.0,25943339
Deribit,eth_usd,355.27,1601368832.997,355.05,5829.0,355.1,18536.0,25943339
Deribit,eth_usd,355.27,1601368833.143,355.05,5829.0,355.1,16036.0,25943339
Deribit,eth_usd,355.27,1601368833.986,355.05,5829.0,355.1,19336.0,25943339
Deribit,eth_usd,355.27,1601368834.186,355.05,29.0,355.1,19336.0,25943339
Deribit,eth_usd,355.26,1601368834.975,355.05,2629.0,355.1,19336.0,25943339
Deribit,eth_usd,355.26,1601368835.416,355.05,2629.0,355.1,16036.0,25943339
Deribit,eth_usd,355.26,1601368835.917,355.05,2629.0,355.1,16836.0,25943339
Deribit,eth_usd,355.26,1601368835.964,355.05,4329.0,355.1,16836.0,25943339
Deribit,eth_usd,355.26,1601368835.965,355.05,4329.0,355.1,19236.0,25943339
Deribit,btc_usd,10736.96,1601368836.123,10735.5,9050.0,10736.0,45830.0,89004790
Deribit,eth_usd,355.26,1601368836.525,355.05,1729.0,355.1,19236.0,25943339
Deribit,eth_usd,355.26,1601368836.526,355.05,29.0,355.1,19236.0,25943339
Deribit,eth_usd,355.26,1601368836.953,355.05,2129.0,355.1,19236.0,25943339
Deribit,eth_usd,355.26,1601368836.954,355.05,2129.0,355.1,21836.0,25943339
Deribit,eth_usd,355.26,1601368836.956,355.05,2129.0,355.1,19236.0,25943339
Deribit,eth_usd,355.26,1601368837.314,355.05,2129.0,355.1,16836.0,25943339
Deribit,eth_usd,355.26,1601368837.564,355.05,2129.0,355.1,19336.0,25943339
Deribit,eth_usd,355.26,1601368837.722,355.05,29.0,355.1,19336.0,25943339
Deribit,eth_usd,355.26,1601368837.944,355.05,329.0,355.1,19336.0,25943339
Deribit,eth_usd,355.26,1601368837.945,355.05,329.0,355.1,23236.0,25943339
Deribit,eth_usd,355.26,1601368837.946,355.05,29.0,355.1,23236.0,25943339
Deribit,eth_usd,355.26,1601368838.149,355.05,29.0,355.1,54236.0,25943339
Deribit,eth_usd,355.26,1601368838.166,355.05,29.0,355.1,60236.0,25943339
Deribit,eth_usd,355.25,1601368838.678,355.05,29.0,355.1,29236.0,25943339
Deribit,eth_usd,355.25,1601368838.679,355.05,29.0,355.1,25336.0,25943339
Deribit,btc_usd,10736.89,1601368838.747,10735.5,9050.0,10736.0,194190.0,89004790
Deribit,btc_usd,10736.89,1601368838.754,10735.5,8950.0,10736.0,194190.0,89004790
Deribit,eth_usd,355.25,1601368838.93,355.05,529.0,355.1,25336.0,25943339
Deribit,eth_usd,355.25,1601368838.962,355.05,29.0,355.1,25336.0,25943339
Deribit,eth_usd,355.25,1601368839.256,355.05,29.0,355.1,56336.0,25943339
Deribit,eth_usd,355.24,1601368839.88,355.05,29.0,355.1,137946.0,25943339
Deribit,eth_usd,355.24,1601368840.116,355.05,10.0,355.1,137946.0,25943339
Deribit,btc_usd,10737.01,1601368840.376,10735.5,8950.0,10736.0,45830.0,89004790
Deribit,eth_usd,355.24,1601368840.399,355.05,29.0,355.1,137946.0,25943339
Deribit,btc_usd,10737.01,1601368840.414,10735.5,8950.0,10736.0,47430.0,89004790
Deribit,btc_usd,10737.01,1601368840.42,10735.5,8950.0,10736.0,45830.0,89004790
Deribit,eth_usd,355.24,1601368840.929,355.05,10.0,355.1,137946.0,25943339
Deribit,eth_usd,355.24,1601368841.258,355.05,28.0,355.1,137946.0,25943339
Deribit,btc_usd,10737.02,1601368841.403,10735.5,8950.0,10736.0,53330.0,89004790
Deribit,btc_usd,10737.02,1601368841.517,10735.5,8950.0,10736.0,45830.0,89004790
Deribit,btc_usd,10737.02,1601368841.707,10735.5,40750.0,10736.0,45830.0,89004790
Deribit,btc_usd,10737.12,1601368842.359,10735.5,40750.0,10736.0,45730.0,89004890
Deribit,eth_usd,355.24,1601368842.842,355.05,28.0,355.1,106946.0,25943339
Deribit,eth_usd,355.24,1601368842.886,355.05,3728.0,355.1,106946.0,25943339
Deribit,eth_usd,355.24,1601368843.201,355.05,28.0,355.1,106946.0,25943339
Deribit,btc_usd,10736.96,1601368843.38,10735.5,40750.0,10736.0,54930.0,89004890
Deribit,btc_usd,10736.96,1601368843.41,10735.5,40750.0,10736.0,45730.0,89004890
Deribit,eth_usd,355.24,1601368843.875,355.05,5128.0,355.1,106946.0,25943339
Deribit,eth_usd,355.25,1601368844.836,355.05,5128.0,355.1,137946.0,25943339
Deribit,eth_usd,355.25,1601368844.838,355.05,28.0,355.1,137946.0,25943339
Deribit,eth_usd,355.25,1601368844.864,355.05,328.0,355.1,137946.0,25943339
Deribit,eth_usd,355.25,1601368844.914,355.05,28.0,355.1,137946.0,25943339
Deribit,btc_usd,10737.04,1601368846.324,10735.5,40570.0,10736.0,45730.0,89004890
Deribit,btc_usd,10737.04,1601368846.822,10735.5,8770.0,10736.0,45730.0,89004890
Deribit,btc_usd,10737.04,1601368847.182,10735.5,8770.0,10736.0,49730.0,89004890
Deribit,btc_usd,10737.04,1601368847.426,10735.5,8940.0,10736.0,49730.0,89004890
Deribit,eth_usd,355.24,1601368847.819,355.05,28.0,355.1,157946.0,25943339
Deribit,eth_usd,355.24,1601368847.877,355.0,89.0,355.1,157946.0,25943329
Deribit,eth_usd,355.24,1601368847.879,355.0,89.0,355.1,183115.0,25943329
Deribit,eth_usd,355.24,1601368847.883,355.0,89.0,355.05,18300.0,25943329
Deribit,eth_usd,355.24,1601368847.893,355.0,89.0,355.05,21500.0,25943329
Deribit,eth_usd,355.24,1601368847.895,355.0,89.0,355.05,22300.0,25943329
Deribit,eth_usd,355.24,1601368847.897,355.0,89.0,355.05,28300.0,25943329
Deribit,eth_usd,355.24,1601368847.94,355.0,89.0,355.05,25100.0,25943329
Deribit,eth_usd,355.24,1601368848.084,355.0,89.0,355.05,25160.0,25943329
Deribit,eth_usd,355.24,1601368848.14,355.0,106.0,355.05,25160.0,25943329
Deribit,eth_usd,355.24,1601368848.304,355.0,17.0,355.05,25160.0,25943329
Deribit,eth_usd,355.24,1601368848.322,355.0,80.0,355.05,25160.0,25943329
Deribit,btc_usd,10737.04,1601368848.325,10735.5,8940.0,10736.0,66430.0,89004890
Deribit,eth_usd,355.24,1601368848.587,355.0,80.0,355.05,25185.0,25943329
Deribit,btc_usd,10736.87,1601368848.675,10735.5,8940.0,10736.0,228980.0,89004890
Deribit,btc_usd,10736.87,1601368848.676,10735.5,8940.0,10736.0,212280.0,89004890
Deribit,eth_usd,355.23,1601368848.819,355.0,3880.0,355.05,25185.0,25943329
Deribit,eth_usd,355.23,1601368849.373,355.0,3880.0,355.05,56185.0,25943329
Deribit,btc_usd,10736.87,1601368849.392,10735.5,8940.0,10736.0,49730.0,89004890
Deribit,eth_usd,355.23,1601368849.808,355.0,7380.0,355.05,56185.0,25943329
Deribit,eth_usd,355.23,1601368850.207,355.0,3880.0,355.05,56185.0,25943329
Deribit,eth_usd,355.23,1601368850.333,355.0,80.0,355.05,56185.0,25943329
Deribit,eth_usd,355.23,1601368850.383,355.0,80.0,355.05,81354.0,25943329
Deribit,eth_usd,355.23,1601368850.797,355.0,480.0,355.05,81354.0,25943329
Deribit,eth_usd,355.23,1601368851.13,355.0,480.0,355.05,56185.0,25943329
Deribit,eth_usd,355.23,1601368851.131,355.0,480.0,355.05,25185.0,25943329
Deribit,eth_usd,355.23,1601368851.267,355.0,490.0,355.05,25185.0,25943329
Deribit,eth_usd,355.23,1601368851.786,355.0,3990.0,355.05,25185.0,25943329
Deribit,eth_usd,355.23,1601368852.028,355.0,3990.0,355.05,19185.0,25943329
Deribit,eth_usd,355.23,1601368852.774,355.0,490.0,355.05,19185.0,25943329
Deribit,eth_usd,355.23,1601368852.775,355.0,490.0,355.05,22085.0,25943329
Deribit,eth_usd,355.23,1601368852.801,355.0,90.0,355.05,22085.0,25943329
Deribit,eth_usd,355.23,1601368853.109,355.0,90.0,355.05,19185.0,25943329
Deribit,eth_usd,355.23,1601368853.13,355.0,90.0,355.05,19585.0,25943329
Deribit,btc_usd,10737.0,1601368853.269,10735.5,8940.0,10736.0,51230.0,89004890
Deribit,eth_usd,355.23,1601368853.543,355.0,90.0,355.05,50585.0,25943329
Deribit,eth_usd,355.23,1601368853.764,355.0,1390.0,355.05,50585.0,25943329
Deribit,btc_usd,10736.95,1601368853.765,10735.5,8940.0,10736.0,49730.0,89004890
Deribit,eth_usd,355.23,1601368854.148,355.0,1390.0,355.05,50185.0,25943329
Deribit,btc_usd,10736.95,1601368854.258,10735.5,8940.0,10736.0,57430.0,89004890
Deribit,eth_usd,355.23,1601368854.752,355.0,2890.0,355.05,50185.0,25943329
Deribit,eth_usd,355.23,1601368855.419,355.0,1390.0,355.05,50185.0,25943329
Deribit,btc_usd,10736.91,1601368855.629,10735.5,8940.0,10736.0,49730.0,89004890
Deribit,eth_usd,355.23,1601368855.741,355.0,3690.0,355.05,50185.0,25943329
Deribit,eth_usd,355.23,1601368856.723,355.0,3690.0,355.05,19185.0,25943329
Deribit,eth_usd,355.23,1601368856.73,355.0,4790.0,355.05,19185.0,25943329
Deribit,eth_usd,355.23,1601368857.993,355.0,3690.0,355.05,19185.0,25943329
Deribit,eth_usd,355.23,1601368858.708,355.0,7990.0,355.05,19185.0,25943329
Deribit,eth_usd,355.23,1601368858.852,355.0,7927.0,355.05,19185.0,25943329
Deribit,eth_usd,355.23,1601368859.134,355.0,7986.0,355.05,19185.0,25943329
Deribit,eth_usd,355.23,1601368859.283,355.0,3686.0,355.05,19185.0,25943329
Deribit,eth_usd,355.23,1601368859.697,355.0,5986.0,355.05,19185.0,25943329
Deribit,eth_usd,355.23,1601368859.818,355.0,3686.0,355.05,19185.0,25943329
Deribit,btc_usd,10736.91,1601368860.191,10735.5,8940.0,10736.0,58430.0,89004890
Deribit,btc_usd,10736.92,1601368860.466,10735.5,8940.0,10736.0,49730.0,89004890
Deribit,eth_usd,355.23,1601368860.685,355.0,6386.0,355.05,19185.0,25943329
Deribit,eth_usd,355.23,1601368860.737,355.0,3686.0,355.05,19185.0,25943329
Deribit,btc_usd,10736.92,1601368861.18,10735.5,8940.0,10736.0,60830.0,89004890
Deribit,btc_usd,10736.92,1601368861.208,10735.5,8940.0,10736.0,49730.0,89004890
Deribit,eth_usd,355.23,1601368861.212,355.0,1386.0,355.05,19185.0,25943329
Deribit,eth_usd,355.23,1601368861.674,355.0,3286.0,355.05,19185.0,25943329
Deribit,eth_usd,355.23,1601368861.675,355.0,3286.0,355.05,21885.0,25943329
Deribit,eth_usd,355.23,1601368861.752,355.0,3286.0,355.05,19185.0,25943329
Deribit,eth_usd,355.23,1601368862.663,355.0,5786.0,355.05,19185.0,25943329
Deribit,eth_usd,355.23,1601368863.972,355.0,3286.0,355.05,19185.0,25943329
Deribit,eth_usd,355.23,1601368864.198,355.0,3386.0,355.05,19185.0,25943329
Deribit,eth_usd,355.23,1601368864.409,355.0,1486.0,355.05,19185.0,25943329
Deribit,eth_usd,355.23,1601368864.63,355.0,186.0,355.05,19185.0,25943329
Deribit,eth_usd,355.23,1601368864.641,355.0,1286.0,355.05,19185.0,25943329
Deribit,eth_usd,355.23,1601368864.642,355.0,1286.0,355.05,22985.0,25943329
Deribit,eth_usd,355.23,1601368864.751,355.0,186.0,355.05,22985.0,25943329
Deribit,eth_usd,355.23,1601368864.844,355.0,186.0,355.05,48154.0,25943329
Deribit,eth_usd,355.23,1601368864.863,355.0,186.0,355.05,54154.0,25943329
Deribit,eth_usd,355.23,1601368864.977,355.0,186.0,355.05,85154.0,25943329
Deribit,eth_usd,355.23,1601368865.062,355.0,186.0,355.05,105154.0,25943329
Deribit,eth_usd,355.23,1601368865.066,355.0,77.0,355.05,105154.0,25943296
Deribit,eth_usd,355.23,1601368865.078,354.95,80.0,355.05,105154.0,25943219
Deribit,eth_usd,355.23,1601368865.08,354.95,80.0,355.0,20700.0,25943219
Deribit,eth_usd,355.23,1601368865.08,354.95,80.0,355.0,21333.0,25943219
Deribit,eth_usd,355.23,1601368865.081,354.95,80.0,355.0,27033.0,25943219
Deribit,eth_usd,355.23,1601368865.084,354.95,80.0,355.0,27833.0,25943219
Deribit,eth_usd,355.23,1601368865.086,354.95,80.0,355.0,33833.0,25943219
Deribit,eth_usd,355.23,1601368865.101,354.95,80.0,355.0,33893.0,25943219
Deribit,btc_usd,10736.96,1601368865.135,10735.5,8940.0,10736.0,51230.0,89004890
Deribit,btc_usd,10736.96,1601368865.142,10735.5,8940.0,10736.0,51220.0,89004890
Deribit,btc_usd,10736.96,1601368865.144,10735.5,8940.0,10736.0,49720.0,89004890
Deribit,eth_usd,355.23,1601368865.179,354.95,80.0,355.0,34293.0,25943219
Deribit,eth_usd,355.23,1601368865.187,354.95,80.0,355.0,54293.0,25943219
Deribit,eth_usd,355.23,1601368865.235,354.95,80.0,355.0,116073.0,25943219
Deribit,eth_usd,355.23,1601368865.29,354.95,80.0,355.0,141242.0,25943219
Deribit,eth_usd,355.23,1601368865.295,354.95,97.0,355.0,141242.0,25943219
Deribit,eth_usd,355.23,1601368865.485,354.95,97.0,355.0,141252.0,25943219
Deribit,eth_usd,355.23,1601368865.493,354.95,17.0,355.0,141252.0,25943219
Deribit,eth_usd,355.23,1601368865.509,354.95,76.0,355.0,141252.0,25943219
Deribit,eth_usd,355.23,1601368865.563,354.95,59.0,355.0,141252.0,25943219
Deribit,eth_usd,355.23,1601368865.642,354.95,59.0,355.0,135552.0,25943219
Deribit,eth_usd,355.23,1601368865.687,354.95,59.0,355.0,110383.0,25943219
Deribit,btc_usd,10736.95,1601368865.838,10735.5,8940.0,10736.0,49700.0,89004890
Deribit,btc_usd,10736.95,1601368865.891,10735.5,8940.0,10736.0,49680.0,89004890
Deribit,eth_usd,355.2,1601368865.9,354.95,59.0,355.0,110412.0,25943219
Deribit,btc_usd,10736.95,1601368865.91,10735.5,8940.0,10736.0,49650.0,89004890
Deribit,eth_usd,355.2,1601368865.977,354.95,59.0,355.0,109779.0,25943219
Deribit,eth_usd,355.2,1601368867.006,354.95,579.0,355.0,109779.0,25943219
Deribit,eth_usd,355.2,1601368867.122,354.95,799.0,355.0,109779.0,25943219
Deribit,eth_usd,355.2,1601368867.607,354.95,899.0,355.0,109779.0,25943219
Deribit,btc_usd,10736.96,1601368867.958,10735.5,8940.0,10736.0,49640.0,89004890
Deribit,eth_usd,355.2,1601368868.152,354.95,899.0,355.0,109379.0,25943219
Deribit,eth_usd,355.2,1601368868.162,354.95,899.0,355.0,109369.0,25943219
Deribit,eth_usd,355.2,1601368868.596,354.95,2299.0,355.0,109369.0,25943219
Deribit,eth_usd,355.2,1601368868.629,354.95,899.0,355.0,109369.0,25943219
Deribit,eth_usd,355.2,1601368868.63,354.95,799.0,355.0,109369.0,25943219
Deribit,eth_usd,355.17,1601368870.352,354.95,740.0,355.0,109369.0,25943219
Deribit,eth_usd,355.17,1601368870.651,354.95,796.0,355.0,109369.0,25943219
Deribit,btc_usd,10737.19,1601368870.995,10735.5,8940.0,10736.0,49690.0,89004890
Deribit,btc_usd,10737.19,1601368871.068,10735.5,8940.0,10736.0,65990.0,89004890
Deribit,eth_usd,355.16,1601368871.195,354.95,796.0,355.0,140369.0,25943219
Deribit,btc_usd,10737.19,1601368871.574,10735.5,8940.0,10736.0,49690.0,89004890
Deribit,eth_usd,355.16,1601368872.551,354.95,1096.0,355.0,140369.0,25943219
Deribit,eth_usd,355.16,1601368872.559,354.95,796.0,355.0,140369.0,25943219
Deribit,eth_usd,355.16,1601368872.665,354.95,796.0,355.0,109369.0,25943219
Deribit,btc_usd,10736.96,1601368872.868,10735.5,8770.0,10736.0,49690.0,89004890
Deribit,eth_usd,355.16,1601368873.212,354.95,796.0,355.0,140369.0,25943219
