Plateforme,Asset,Quote,Datetime,Bid,BidAmount,Ask,AskAmount,OpenInterest
Coinbase,eth_usd,363.28,1601535884.567521,363.28,0,363.29,0,354.71
Coinbase,eth_eur,309.68,1601535884.568315,309.68,0,309.69,0,302.41
Coinbase,btc_usd,10829.05,1601535884.568704,10829.04,0,10829.05,0,10695.19
Coinbase,btc_eur,9233.42,1601535884.56918,9232.31,0,9233.42,0,9127.62
Coinbase,btc_usd,10829.05,1601535886.491795,10829.04,0,10829.05,0,10695.19
Coinbase,btc_usd,10829.05,1601535886.539923,10829.04,0,10829.05,0,10695.19
Coinbase,btc_usd,10829.05,1601535886.54429,10829.04,0,10829.05,0,10695.19
Coinbase,btc_usd,10829.05,1601535886.551715,10829.04,0,10829.05,0,10695.19
Coinbase,btc_usd,10829.05,1601535886.552738,10829.04,0,10829.05,0,10695.19
Coinbase,btc_usd,10829.05,1601535886.553117,10829.04,0,10829.05,0,10695.19
Coinbase,eth_eur,309.69,1601535886.594408,309.68,0,309.84,0,302.41
Coinbase,btc_usd,10829.04,1601535887.141518,10829.04,0,10829.05,0,10695.19
Coinbase,btc_usd,10829.05,1601535887.339324,10829.04,0,10829.06,0,10695.19
Coinbase,btc_usd,10829.06,1601535887.341512,10829.04,0,10829.06,0,10695.19
Coinbase,btc_usd,10829.06,1601535887.342516,10829.04,0,10829.06,0,10695.19
Coinbase,btc_usd,10829.06,1601535887.374501,10829.05,0,10829.06,0,10695.19
Coinbase,btc_usd,10829.06,1601535887.37694,10829.05,0,10833.79,0,10695.19
Coinbase,btc_eur,9233.16,1601535887.397255,9232.82,0,9233.16,0,9127.62
Coinbase,eth_usd,363.34,1601535887.426632,363.33,0,363.34,0,354.71
Coinbase,btc_usd,10835.0,1601535888.280491,10834.99,0,10835.0,0,10695.19
Coinbase,btc_usd,10835.0,1601535888.769711,10834.99,0,10835.0,0,10695.19
Coinbase,btc_usd,10835.0,1601535888.770529,10834.99,0,10835.0,0,10695.19
Coinbase,btc_usd,10834.99,1601535889.081258,10834.99,0,10835.0,0,10695.19
Coinbase,btc_usd,10834.99,1601535889.274537,10834.99,0,10835.0,0,10695.19
Coinbase,btc_usd,10834.99,1601535889.276009,10834.99,0,10835.0,0,10695.19
Coinbase,btc_usd,10835.0,1601535890.191055,10834.99,0,10835.0,0,10695.19
Coinbase,btc_usd,10835.0,1601535890.324331,10834.99,0,10835.0,0,10695.19
Coinbase,btc_usd,10835.0,1601535890.446449,10834.99,0,10835.0,0,10695.19
Coinbase,eth_usd,363.34,1601535892.182666,363.33,0,363.5,0,354.71
Coinbase,eth_eur,309.84,1601535892.691925,309.83,0,309.89,0,302.41
Coinbase,eth_eur,309.89,1601535892.692446,309.83,0,309.93,0,302.41
Coinbase,eth_eur,309.93,1601535892.692797,309.83,0,309.93,0,302.41
Coinbase,btc_usd,10835.0,1601535894.248554,10834.99,0,10835.0,0,10695.19
Coinbase,eth_eur,309.87,1601535894.83536,309.87,0,309.93,0,302.41
Coinbase,btc_eur,9236.13,1601535895.155041,9235.13,0,9236.13,0,9127.62
Coinbase,eth_usd,363.47,1601535895.920722,363.46,0,363.47,0,354.71
Coinbase,btc_eur,9235.13,1601535895.933841,9235.13,0,9236.13,0,9127.62
Coinbase,btc_eur,9236.13,1601535896.175572,9235.13,0,9236.13,0,9127.62
Coinbase,eth_usd,363.46,1601535897.315144,363.46,0,363.47,0,354.71
Coinbase,eth_usd,363.46,1601535897.338802,363.46,0,363.47,0,354.71
Coinbase,eth_usd,363.46,1601535897.340026,363.46,0,363.47,0,354.71
Coinbase,eth_usd,363.46,1601535897.382262,363.46,0,363.47,0,354.71
Coinbase,eth_usd,363.46,1601535897.382788,363.37,0,363.47,0,354.71
Coinbase,eth_usd,363.46,1601535897.39777,363.37,0,363.47,0,354.71
Coinbase,btc_eur,9236.14,1601535897.485501,9235.22,0,9236.14,0,9127.62
Coinbase,btc_usd,10835.0,1601535897.592289,10834.99,0,10835.0,0,10695.19
Coinbase,btc_eur,9236.13,1601535899.947733,9235.29,0,9236.13,0,9127.62
Coinbase,btc_usd,10835.0,1601535900.32661,10834.99,0,10835.0,0,10695.19
Coinbase,btc_eur,9235.29,1601535900.885682,9235.29,0,9236.13,0,9127.62
Coinbase,btc_eur,9235.09,1601535901.275677,9235.09,0,9236.11,0,9127.62
Coinbase,btc_eur,9235.09,1601535901.276186,9235.09,0,9236.11,0,9127.62
Coinbase,btc_usd,10835.01,1601535902.729113,10835.0,0,10835.02,0,10695.19
Coinbase,btc_usd,10835.02,1601535902.729722,10835.0,0,10835.02,0,10695.19
Coinbase,eth_usd,363.3,1601535903.484515,363.28,0,363.3,0,354.71
Coinbase,eth_usd,363.29,1601535904.003533,363.29,0,363.3,0,354.71
Coinbase,btc_usd,10835.02,1601535904.018584,10835.01,0,10835.02,0,10695.19
Coinbase,btc_usd,10835.01,1601535905.194373,10835.01,0,10835.02,0,10695.19
Coinbase,eth_usd,363.3,1601535905.743256,363.29,0,363.3,0,354.71
Coinbase,eth_usd,363.3,1601535905.743815,363.29,0,363.3,0,354.71
Coinbase,eth_usd,363.3,1601535905.744172,363.29,0,363.43,0,354.71
Coinbase,eth_usd,363.36,1601535905.907308,363.36,0,363.47,0,354.71
Coinbase,eth_usd,363.32,1601535906.116381,363.32,0,363.41,0,354.71
Coinbase,btc_eur,9238.02,1601535908.166383,9236.74,0,9238.02,0,9127.62
Coinbase,btc_eur,9236.74,1601535909.483695,9236.74,0,9238.02,0,9127.62
Coinbase,btc_usd,10835.01,1601535912.194905,10835.01,0,10835.02,0,10695.19
Coinbase,btc_usd,10835.01,1601535912.195715,10835.01,0,10835.02,0,10695.19
Coinbase,btc_eur,9236.74,1601535915.096918,9236.74,0,9238.09,0,9127.62
Coinbase,eth_usd,363.41,1601535915.125443,363.4,0,363.41,0,354.71
Coinbase,eth_usd,363.41,1601535915.125875,363.4,0,363.41,0,354.71
Coinbase,btc_usd,10835.02,1601535915.138603,10835.01,0,10835.02,0,10695.19
Coinbase,btc_usd,10835.02,1601535915.385547,10835.01,0,10835.02,0,10695.19
Coinbase,eth_usd,363.41,1601535917.537671,363.4,0,363.41,0,354.71
Coinbase,btc_usd,10835.02,1601535918.288657,10835.01,0,10835.02,0,10695.19
Coinbase,eth_usd,363.4,1601535918.358571,363.4,0,363.41,0,354.71
Coinbase,btc_eur,9238.09,1601535918.385295,9237.14,0,9238.09,0,9127.62
Coinbase,eth_usd,363.4,1601535918.832932,363.4,0,363.41,0,354.71
Coinbase,eth_usd,363.4,1601535918.833374,363.4,0,363.41,0,354.71
Coinbase,eth_usd,363.41,1601535918.852905,363.4,0,363.41,0,354.71
Coinbase,btc_usd,10835.02,1601535919.729649,10835.01,0,10835.02,0,10695.19
Coinbase,eth_usd,363.41,1601535922.215867,363.4,0,363.41,0,354.71
Coinbase,btc_usd,10835.02,1601535922.81328,10835.01,0,10835.02,0,10695.19
Coinbase,eth_usd,363.41,1601535923.084822,363.4,0,363.41,0,354.71
Coinbase,btc_usd,10835.02,1601535923.170391,10835.01,0,10835.02,0,10695.19
Coinbase,btc_usd,10835.02,1601535923.955981,10835.01,0,10835.02,0,10695.19
Coinbase,eth_usd,363.41,1601535925.564295,363.4,0,363.41,0,354.71
Coinbase,eth_usd,363.41,1601535925.5672,363.4,0,363.41,0,354.71
Coinbase,eth_usd,363.41,1601535925.56768,363.4,0,363.41,0,354.71
Coinbase,eth_usd,363.41,1601535925.568341,363.4,0,363.41,0,354.71
Coinbase,btc_eur,9238.61,1601535926.027898,9237.91,0,9238.61,0,9127.62
Coinbase,eth_usd,363.41,1601535926.606032,363.4,0,363.41,0,354.71
Coinbase,eth_usd,363.41,1601535926.804429,363.4,0,363.41,0,354.71
Coinbase,eth_usd,363.41,1601535930.084761,363.4,0,363.41,0,354.71
Coinbase,eth_usd,363.41,1601535930.085251,363.4,0,363.41,0,354.71
Coinbase,eth_usd,363.41,1601535930.085914,363.4,0,363.41,0,354.71
Coinbase,eth_usd,363.41,1601535930.089951,363.4,0,363.46,0,354.71
Coinbase,btc_usd,10835.02,1601535930.761283,10835.01,0,10835.02,0,10695.19
Coinbase,eth_usd,363.41,1601535930.924821,363.41,0,363.45,0,354.71
Coinbase,btc_usd,10835.01,1601535931.551834,10835.01,0,10835.02,0,10695.19
Coinbase,btc_usd,10835.02,1601535932.881629,10835.01,0,10835.02,0,10695.19
Coinbase,btc_usd,10835.02,1601535933.456373,10835.01,0,10835.02,0,10695.19
Coinbase,eth_usd,363.41,1601535935.150066,363.4,0,363.41,0,354.71
Coinbase,eth_usd,363.41,1601535935.15464,363.4,0,363.43,0,354.71
Coinbase,eth_usd,363.43,1601535935.155156,363.4,0,363.44,0,354.71
Coinbase,eth_usd,363.44,1601535935.155525,363.4,0,363.45,0,354.71
Coinbase,eth_usd,363.45,1601535935.155883,363.4,0,363.45,0,354.71
Coinbase,btc_eur,9239.15,1601535936.060037,9237.74,0,9239.16,0,9127.62
Coinbase,btc_eur,9239.16,1601535936.061861,9237.74,0,9239.4,0,9127.62
Coinbase,btc_eur,9239.4,1601535936.062221,9237.74,0,9239.4,0,9127.62
Coinbase,btc_usd,10835.01,1601535944.078926,10835.01,0,10835.02,0,10695.19
Coinbase,btc_usd,10835.01,1601535944.079586,10835.01,0,10835.02,0,10695.19
Coinbase,eth_usd,363.41,1601535944.776799,363.4,0,363.41,0,354.71
Coinbase,eth_usd,363.41,1601535944.777295,363.4,0,363.56,0,354.71
Coinbase,eth_eur,309.93,1601535946.334602,309.93,0,309.94,0,302.41
Coinbase,btc_eur,9239.4,1601535946.471617,9238.34,0,9239.52,0,9127.62
Coinbase,btc_eur,9239.52,1601535946.472433,9238.34,0,9239.52,0,9127.62
Coinbase,eth_eur,309.94,1601535946.838082,309.93,0,309.94,0,302.41
Coinbase,eth_usd,363.64,1601535946.870779,363.56,0,363.65,0,354.71
Coinbase,eth_usd,363.65,1601535946.874137,363.56,0,363.66,0,354.71
Coinbase,eth_usd,363.66,1601535946.874507,363.56,0,363.67,0,354.71
Coinbase,eth_usd,363.67,1601535946.874891,363.56,0,363.68,0,354.71
Coinbase,eth_usd,363.68,1601535946.875274,363.56,0,363.69,0,354.71
Coinbase,eth_usd,363.69,1601535946.875674,363.56,0,363.69,0,354.71
Coinbase,eth_usd,363.69,1601535946.877383,363.56,0,363.69,0,354.71
Coinbase,eth_eur,309.94,1601535946.895313,309.93,0,309.94,0,302.41
Coinbase,eth_eur,309.94,1601535946.903299,309.93,0,309.94,0,302.41
Coinbase,eth_eur,309.94,1601535946.905263,309.93,0,309.94,0,302.41
Coinbase,eth_eur,309.94,1601535946.912926,309.93,0,309.94,0,302.41
Coinbase,eth_eur,309.94,1601535946.917371,309.93,0,309.94,0,302.41
Coinbase,eth_eur,309.94,1601535946.9468,309.93,0,309.94,0,302.41
Coinbase,eth_eur,309.94,1601535946.947201,309.93,0,309.94,0,302.41
Coinbase,eth_eur,309.94,1601535946.947563,309.93,0,309.94,0,302.41
Coinbase,eth_eur,309.94,1601535946.961403,309.93,0,310.0,0,302.41
Coinbase,btc_usd,10835.02,1601535948.006626,10835.01,0,10835.02,0,10695.19
Coinbase,btc_eur,9239.46,1601535950.344587,9239.46,0,9240.0,0,9127.62
Coinbase,btc_usd,10835.02,1601535950.548026,10835.01,0,10835.02,0,10695.19
Coinbase,eth_eur,310.0,1601535950.973246,309.99,0,310.0,0,302.41
Coinbase,eth_eur,310.0,1601535950.973887,309.99,0,310.14,0,302.41
Coinbase,btc_usd,10835.02,1601535951.526645,10835.01,0,10835.02,0,10695.19
Coinbase,btc_usd,10835.02,1601535955.301023,10835.01,0,10835.02,0,10695.19
Coinbase,btc_usd,10835.02,1601535956.742434,10835.01,0,10835.02,0,10695.19
Coinbase,btc_eur,9239.46,1601535957.144316,9239.46,0,9239.99,0,9127.62
Coinbase,btc_usd,10835.02,1601535960.583181,10835.01,0,10835.02,0,10695.19
Coinbase,btc_usd,10835.01,1601535961.63077,10835.01,0,10835.02,0,10695.19
Coinbase,btc_eur,9239.46,1601535962.811138,9239.46,0,9240.0,0,9127.62
Coinbase,eth_usd,363.69,1601535967.654308,363.69,0,363.7,0,354.71
Coinbase,eth_usd,363.69,1601535967.656356,363.69,0,363.7,0,354.71
Coinbase,eth_usd,363.69,1601535967.65671,363.69,0,363.7,0,354.71
Coinbase,eth_usd,363.69,1601535967.658979,363.69,0,363.7,0,354.71
Coinbase,eth_usd,363.69,1601535967.659461,363.48,0,363.7,0,354.71
Coinbase,eth_eur,310.09,1601535967.672372,310.09,0,310.13,0,302.41
Coinbase,eth_eur,310.08,1601535967.684406,310.08,0,310.13,0,302.41
Coinbase,btc_usd,10835.02,1601535968.232388,10835.01,0,10835.02,0,10695.19
Coinbase,btc_usd,10835.02,1601535968.314867,10835.01,0,10835.02,0,10695.19
Coinbase,eth_eur,309.96,1601535970.557657,309.91,0,310.1,0,302.41
Coinbase,eth_eur,309.91,1601535970.558096,309.91,0,310.1,0,302.41
Coinbase,eth_usd,363.59,1601535974.755507,363.56,0,363.59,0,354.71
Coinbase,btc_eur,9240.0,1601535977.164311,9239.18,0,9240.0,0,9127.62
Coinbase,btc_usd,10835.02,1601535978.416402,10835.01,0,10835.02,0,10695.19
Coinbase,btc_eur,9240.0,1601535980.571748,9239.22,0,9240.0,0,9127.62
Coinbase,btc_eur,9240.0,1601535980.572286,9239.22,0,9240.52,0,9127.62
Coinbase,btc_eur,9240.52,1601535980.572625,9239.22,0,9240.52,0,9127.62
Coinbase,btc_eur,9239.22,1601535982.138528,9238.63,0,9240.52,0,9127.62
Coinbase,btc_eur,9238.63,1601535982.139059,9238.45,0,9240.52,0,9127.62
Coinbase,btc_eur,9238.45,1601535982.139412,9238.45,0,9240.52,0,9127.62
Coinbase,eth_usd,363.59,1601535982.613961,363.58,0,363.59,0,354.71
Coinbase,btc_usd,10835.02,1601535984.290819,10835.01,0,10835.02,0,10695.19
Coinbase,eth_usd,363.59,1601535986.668216,363.58,0,363.59,0,354.71
Coinbase,btc_eur,9240.13,1601535990.715018,9239.54,0,9240.13,0,9127.62
Coinbase,btc_usd,10835.02,1601535990.904387,10835.01,0,10835.02,0,10695.19
Coinbase,eth_eur,309.99,1601535991.129301,309.98,0,310.13,0,302.41
Coinbase,eth_eur,310.13,1601535991.129804,309.98,0,310.13,0,302.41
Coinbase,btc_usd,10835.02,1601535993.363891,10835.01,0,10835.02,0,10695.19
Coinbase,btc_usd,10835.02,1601535994.031993,10835.01,0,10835.02,0,10695.19
Coinbase,btc_eur,9239.06,1601535996.117343,9239.06,0,9240.13,0,9127.62
Coinbase,btc_usd,10835.02,1601535996.332031,10835.01,0,10835.02,0,10695.19
Coinbase,btc_usd,10835.02,1601535997.340155,10835.01,0,10835.02,0,10695.19
Coinbase,btc_eur,9239.6,1601536000.940341,9238.54,0,9239.6,0,9127.62
Coinbase,btc_eur,9239.6,1601536002.158328,9238.54,0,9239.6,0,9127.62
Coinbase,btc_usd,10835.02,1601536006.145365,10835.01,0,10835.02,0,10695.19
Coinbase,eth_eur,309.98,1601536009.131212,309.95,0,309.98,0,302.41
Coinbase,eth_usd,363.59,1601536009.544728,363.58,0,363.59,0,354.71
Coinbase,btc_usd,10835.02,1601536010.080812,10835.01,0,10835.02,0,10695.19
Coinbase,eth_eur,309.98,1601536011.816738,309.98,0,310.0,0,302.41
Coinbase,eth_usd,363.59,1601536012.519053,363.58,0,363.59,0,354.71
Coinbase,btc_eur,9237.84,1601536013.240906,9237.84,0,9240.13,0,9127.62
Coinbase,btc_usd,10835.02,1601536013.933423,10835.01,0,10835.02,0,10695.19
Coinbase,btc_usd,10835.01,1601536014.326233,10835.01,0,10835.02,0,10695.19
Coinbase,eth_eur,310.07,1601536015.464492,309.99,0,310.09,0,302.41
Coinbase,eth_eur,310.09,1601536015.465013,309.99,0,310.09,0,302.41
Coinbase,btc_usd,10835.02,1601536016.766688,10835.01,0,10835.02,0,10695.19
Coinbase,eth_usd,363.59,1601536018.0578,363.58,0,363.59,0,354.71
Coinbase,btc_usd,10835.02,1601536018.080553,10835.01,0,10835.02,0,10695.19
Coinbase,eth_eur,310.0,1601536018.533625,309.99,0,310.11,0,302.41
Coinbase,eth_eur,310.11,1601536018.534107,309.99,0,310.11,0,302.41
Coinbase,eth_eur,310.11,1601536018.535333,309.99,0,310.11,0,302.41
Coinbase,btc_usd,10835.02,1601536018.835529,10835.01,0,10835.02,0,10695.19
Coinbase,btc_usd,10835.02,1601536019.535614,10835.01,0,10835.02,0,10695.19
Coinbase,btc_usd,10835.02,1601536023.314259,10835.01,0,10835.02,0,10695.19
Coinbase,btc_usd,10835.02,1601536023.448639,10835.01,0,10835.02,0,10695.19
Coinbase,btc_eur,9239.38,1601536025.84631,9238.58,0,9239.38,0,9127.62
Coinbase,btc_eur,9239.38,1601536027.956848,9238.59,0,9239.38,0,9127.62
Coinbase,btc_usd,10835.01,1601536028.470741,10835.01,0,10835.02,0,10695.19
Coinbase,btc_usd,10835.01,1601536028.472458,10835.01,0,10835.02,0,10695.19
Coinbase,eth_usd,363.59,1601536029.891156,363.58,0,363.59,0,354.71
Coinbase,eth_usd,363.59,1601536029.891631,363.58,0,363.59,0,354.71
Coinbase,eth_usd,363.59,1601536029.892611,363.58,0,363.59,0,354.71
Coinbase,eth_usd,363.59,1601536029.893035,363.58,0,363.59,0,354.71
Coinbase,eth_usd,363.59,1601536029.893739,363.58,0,363.63,0,354.71
Coinbase,btc_usd,10835.01,1601536030.934239,10835.01,0,10835.02,0,10695.19
Coinbase,btc_usd,10835.01,1601536030.936469,10835.01,0,10835.02,0,10695.19
Coinbase,btc_usd,10835.02,1601536032.758482,10835.01,0,10835.02,0,10695.19
Coinbase,eth_usd,363.58,1601536033.869004,363.58,0,363.59,0,354.71
Coinbase,eth_eur,310.04,1601536035.082492,309.98,0,310.04,0,302.41
Coinbase,btc_usd,10835.02,1601536035.694372,10835.01,0,10835.02,0,10695.19
Coinbase,eth_usd,363.59,1601536036.119686,363.58,0,363.59,0,354.71
Coinbase,eth_usd,363.59,1601536036.120124,363.58,0,363.59,0,354.71
Coinbase,eth_usd,363.59,1601536038.147069,363.58,0,363.59,0,354.71
Coinbase,eth_usd,363.59,1601536039.020681,363.58,0,363.66,0,354.71
Coinbase,eth_usd,363.59,1601536039.385808,363.58,0,363.59,0,354.71
Coinbase,btc_usd,10835.02,1601536040.404236,10835.01,0,10835.02,0,10695.19
Coinbase,eth_usd,363.59,1601536041.11192,363.58,0,363.59,0,354.71
Coinbase,btc_eur,9239.38,1601536042.129401,9239.17,0,9239.38,0,9127.62
Coinbase,eth_usd,363.59,1601536043.49238,363.58,0,363.59,0,354.71
Coinbase,btc_usd,10835.02,1601536043.637906,10835.01,0,10835.02,0,10695.19
Coinbase,btc_usd,10835.02,1601536045.387452,10835.01,0,10835.02,0,10695.19
Coinbase,eth_usd,363.58,1601536045.45252,363.58,0,363.59,0,354.71
Coinbase,eth_eur,310.01,1601536045.680695,310.01,0,310.13,0,302.41
Coinbase,btc_eur,9239.21,1601536046.172531,9239.21,0,9239.38,0,9127.62
Coinbase,eth_eur,310.04,1601536049.779206,310.04,0,310.13,0,302.41
Coinbase,btc_usd,10835.01,1601536050.319953,10835.01,0,10835.02,0,10695.19
Coinbase,eth_eur,310.13,1601536052.141573,310.04,0,310.13,0,302.41
Coinbase,btc_usd,10835.02,1601536052.478041,10835.01,0,10835.02,0,10695.19
Coinbase,btc_usd,10835.02,1601536055.614234,10835.01,0,10835.02,0,10695.19
Coinbase,btc_usd,10835.01,1601536055.943183,10835.01,0,10835.02,0,10695.19
Coinbase,btc_usd,10835.02,1601536056.705631,10835.01,0,10835.02,0,10695.19
Coinbase,btc_usd,10835.02,1601536057.515845,10835.01,0,10835.02,0,10695.19
Coinbase,btc_usd,10835.02,1601536057.862395,10835.01,0,10835.02,0,10695.19
Coinbase,eth_usd,363.59,1601536059.376221,363.58,0,363.59,0,354.71
Coinbase,btc_usd,10835.02,1601536059.857288,10835.01,0,10835.02,0,10695.19
Coinbase,btc_eur,9239.31,1601536061.089738,9239.23,0,9239.31,0,9127.62
Coinbase,eth_usd,363.59,1601536062.564684,363.58,0,363.59,0,354.71
Coinbase,btc_eur,9239.3,1601536065.561852,9239.23,0,9239.31,0,9127.62
Coinbase,btc_eur,9239.31,1601536065.562405,9239.23,0,9239.31,0,9127.62
Coinbase,btc_usd,10835.02,1601536066.156118,10835.01,0,10835.02,0,10695.19
Coinbase,btc_usd,10835.01,1601536066.368121,10835.01,0,10835.02,0,10695.19
Coinbase,btc_usd,10835.01,1601536066.389797,10835.01,0,10835.02,0,10695.19
Coinbase,btc_usd,10835.01,1601536067.818885,10835.01,0,10835.02,0,10695.19
Coinbase,btc_usd,10835.02,1601536073.667859,10835.01,0,10835.02,0,10695.19
Coinbase,btc_eur,9239.31,1601536074.008365,9239.23,0,9239.31,0,9127.62
Coinbase,btc_eur,9239.23,1601536074.34736,9239.23,0,9239.31,0,9127.62
Coinbase,eth_usd,363.58,1601536074.564536,363.58,0,363.59,0,354.71
Coinbase,btc_usd,10835.02,1601536083.420229,10835.01,0,10835.02,0,10695.19
Coinbase,eth_eur,310.02,1601536085.531815,310.01,0,310.06,0,302.41
Coinbase,eth_eur,310.06,1601536085.532371,310.01,0,310.06,0,302.41
Coinbase,eth_eur,310.06,1601536085.537734,310.01,0,310.07,0,302.41
Coinbase,eth_eur,310.07,1601536085.538563,310.01,0,310.07,0,302.41
Coinbase,btc_usd,10835.01,1601536086.725198,10835.01,0,10835.02,0,10695.19
Coinbase,eth_usd,363.58,1601536087.543445,363.58,0,363.59,0,354.71
Coinbase,eth_usd,363.58,1601536087.544036,363.58,0,363.59,0,354.71
Coinbase,eth_usd,363.58,1601536087.545583,363.58,0,363.59,0,354.71
Coinbase,eth_usd,363.58,1601536087.5466,363.58,0,363.59,0,354.71
Coinbase,eth_usd,363.58,1601536087.546982,363.44,0,363.59,0,354.71
Coinbase,btc_eur,9238.79,1601536087.656012,9238.79,0,9239.31,0,9127.62
Coinbase,eth_eur,310.01,1601536087.924222,309.91,0,310.06,0,302.41
Coinbase,btc_usd,10835.02,1601536088.409105,10835.01,0,10835.02,0,10695.19
Coinbase,btc_usd,10835.02,1601536089.055454,10835.01,0,10835.02,0,10695.19
Coinbase,eth_eur,309.91,1601536089.81854,309.86,0,309.98,0,302.41
Coinbase,eth_eur,309.86,1601536089.819327,309.86,0,309.98,0,302.41
Coinbase,eth_usd,363.34,1601536090.02137,363.34,0,363.35,0,354.71
Coinbase,btc_eur,9239.21,1601536090.296637,9236.19,0,9239.21,0,9127.62
Coinbase,eth_usd,363.35,1601536090.413198,363.34,0,363.35,0,354.71
Coinbase,btc_usd,10835.02,1601536092.808756,10835.01,0,10835.02,0,10695.19
Coinbase,btc_usd,10835.02,1601536092.863637,10835.01,0,10835.02,0,10695.19
Coinbase,btc_usd,10835.02,1601536092.864265,10835.01,0,10835.02,0,10695.19
Coinbase,btc_usd,10835.02,1601536094.034239,10835.01,0,10835.02,0,10695.19
Coinbase,btc_usd,10835.01,1601536097.18495,10835.01,0,10835.02,0,10695.19
Coinbase,eth_usd,363.42,1601536098.768927,363.41,0,363.42,0,354.71
Coinbase,btc_usd,10835.01,1601536099.040651,10835.01,0,10835.02,0,10695.19
Coinbase,btc_eur,9239.13,1601536099.89046,9237.53,0,9239.13,0,9127.62
Coinbase,eth_eur,309.86,1601536099.957978,309.84,0,310.0,0,302.41
Coinbase,eth_eur,309.84,1601536099.958525,309.84,0,310.0,0,302.41
Coinbase,eth_eur,309.96,1601536101.000168,309.84,0,309.96,0,302.41
Coinbase,btc_usd,10835.01,1601536101.012514,10835.01,0,10835.02,0,10695.19
Coinbase,btc_usd,10835.02,1601536102.511043,10835.01,0,10835.02,0,10695.19
Coinbase,eth_eur,309.97,1601536103.435172,309.84,0,309.98,0,302.41
Coinbase,eth_eur,309.98,1601536103.43607,309.84,0,309.98,0,302.41
Coinbase,btc_eur,9237.53,1601536104.636002,9237.53,0,9238.34,0,9127.62
Coinbase,btc_usd,10835.01,1601536104.947282,10835.01,0,10835.02,0,10695.19
Coinbase,btc_usd,10835.01,1601536107.446411,10835.01,0,10835.02,0,10695.19
Coinbase,btc_usd,10835.01,1601536109.60168,10835.01,0,10835.02,0,10695.19
Coinbase,btc_eur,9237.56,1601536109.623969,9237.55,0,9239.12,0,9127.62
Coinbase,btc_eur,9237.55,1601536109.626654,9237.55,0,9239.12,0,9127.62
Coinbase,btc_eur,9237.55,1601536109.627173,9237.02,0,9239.12,0,9127.62
Coinbase,btc_usd,10835.02,1601536117.957385,10835.01,0,10835.02,0,10695.19
Coinbase,btc_eur,9238.15,1601536118.533458,9237.35,0,9238.15,0,9127.62
Coinbase,btc_usd,10835.01,1601536119.939152,10835.01,0,10835.02,0,10695.19
Coinbase,btc_usd,10835.02,1601536121.214368,10835.01,0,10835.02,0,10695.19
Coinbase,btc_usd,10835.01,1601536121.577211,10835.01,0,10835.02,0,10695.19
Coinbase,btc_usd,10835.02,1601536122.333978,10835.01,0,10835.02,0,10695.19
Coinbase,eth_usd,363.42,1601536123.647468,363.41,0,363.42,0,354.71
Coinbase,eth_usd,363.42,1601536126.612662,363.41,0,363.49,0,354.71
Coinbase,eth_usd,363.45,1601536126.613835,363.45,0,363.51,0,354.71
Coinbase,btc_eur,9238.2,1601536126.614179,9237.35,0,9238.2,0,9127.62
Coinbase,btc_eur,9237.35,1601536126.614525,9237.35,0,9238.2,0,9127.62
Coinbase,btc_eur,9238.32,1601536127.49799,9236.64,0,9238.32,0,9127.62
Coinbase,btc_eur,9238.32,1601536128.200571,9236.74,0,9238.32,0,9127.62
Coinbase,btc_eur,9238.32,1601536128.201081,9236.74,0,9238.33,0,9127.62
Coinbase,btc_eur,9238.33,1601536128.201742,9236.74,0,9238.33,0,9127.62
Coinbase,btc_usd,10835.02,1601536128.361664,10835.01,0,10835.02,0,10695.19
Coinbase,btc_usd,10835.02,1601536128.362192,10835.01,0,10835.02,0,10695.19
Coinbase,btc_usd,10835.02,1601536128.362553,10835.01,0,10835.02,0,10695.19
Coinbase,btc_usd,10835.02,1601536128.363585,10835.01,0,10835.02,0,10695.19
Coinbase,btc_usd,10835.02,1601536128.364089,10835.01,0,10835.02,0,10695.19
Coinbase,btc_usd,10835.02,1601536128.364737,10835.01,0,10835.02,0,10695.19
Coinbase,btc_usd,10835.02,1601536128.367263,10835.01,0,10835.02,0,10695.19
Coinbase,btc_usd,10835.02,1601536128.367759,10835.01,0,10835.02,0,10695.19
Coinbase,btc_usd,10835.02,1601536128.369124,10835.01,0,10835.02,0,10695.19
Coinbase,btc_usd,10835.02,1601536128.369528,10835.01,0,10835.02,0,10695.19
Coinbase,btc_usd,10835.02,1601536128.470152,10835.01,0,10835.02,0,10695.19
Coinbase,btc_usd,10835.02,1601536128.479818,10835.01,0,10835.03,0,10695.19
Coinbase,btc_usd,10835.03,1601536128.480208,10835.01,0,10835.03,0,10695.19
Coinbase,btc_usd,10835.03,1601536128.480559,10835.01,0,10835.03,0,10695.19
Coinbase,btc_usd,10835.03,1601536128.480909,10835.01,0,10835.04,0,10695.19
Coinbase,btc_usd,10835.04,1601536128.481268,10835.01,0,10835.04,0,10695.19
Coinbase,btc_usd,10835.04,1601536128.481625,10835.01,0,10835.04,0,10695.19
Coinbase,btc_usd,10835.04,1601536128.481979,10835.01,0,10836.21,0,10695.19
Coinbase,btc_usd,10836.21,1601536128.48233,10835.01,0,10836.23,0,10695.19
Coinbase,btc_usd,10836.23,1601536128.482684,10835.01,0,10837.19,0,10695.19
Coinbase,btc_usd,10837.19,1601536128.483034,10835.01,0,10837.19,0,10695.19
Coinbase,btc_usd,10836.07,1601536128.698041,10835.91,0,10836.07,0,10695.19
Coinbase,btc_usd,10835.55,1601536129.421209,10835.2,0,10835.55,0,10695.19
Coinbase,btc_usd,10835.54,1601536130.256652,10835.53,0,10835.54,0,10695.19
Coinbase,btc_usd,10835.54,1601536130.257378,10835.53,0,10835.54,0,10695.19
Coinbase,btc_usd,10835.54,1601536130.560139,10835.53,0,10835.54,0,10695.19
Coinbase,btc_usd,10835.54,1601536131.241132,10835.53,0,10835.54,0,10695.19
Coinbase,btc_eur,9237.82,1601536133.955907,9237.55,0,9237.82,0,9127.62
Coinbase,btc_usd,10835.54,1601536135.272453,10835.53,0,10835.54,0,10695.19
Coinbase,btc_usd,10835.54,1601536136.729279,10835.53,0,10835.54,0,10695.19
Coinbase,btc_eur,9237.54,1601536138.930434,9237.53,0,9239.09,0,9127.62
Coinbase,btc_eur,9237.53,1601536138.931735,9237.53,0,9239.09,0,9127.62
Coinbase,btc_eur,9237.53,1601536139.623378,9237.53,0,9239.04,0,9127.62
Coinbase,btc_usd,10835.54,1601536139.746631,10835.53,0,10835.54,0,10695.19
Coinbase,btc_eur,9238.95,1601536140.722864,9237.53,0,9238.95,0,9127.62
Coinbase,eth_usd,363.46,1601536141.155774,363.45,0,363.46,0,354.71
Coinbase,eth_usd,363.45,1601536142.577491,363.45,0,363.46,0,354.71
Coinbase,eth_eur,309.98,1601536143.714178,309.84,0,309.98,0,302.41
Coinbase,eth_usd,363.45,1601536144.697782,363.45,0,363.46,0,354.71
Coinbase,eth_eur,309.84,1601536144.833491,309.84,0,309.93,0,302.41
Coinbase,btc_usd,10835.54,1601536149.500547,10835.53,0,10835.54,0,10695.19
Coinbase,btc_eur,9236.09,1601536150.022193,9236.09,0,9236.92,0,9127.62
Coinbase,btc_eur,9236.92,1601536151.331512,9234.96,0,9236.92,0,9127.62
Coinbase,eth_usd,363.46,1601536152.926758,363.45,0,363.46,0,354.71
Coinbase,eth_usd,363.46,1601536152.928877,363.45,0,363.46,0,354.71
Coinbase,eth_usd,363.46,1601536152.929269,363.45,0,363.46,0,354.71
Coinbase,eth_eur,309.96,1601536154.243069,309.81,0,309.96,0,302.41
Coinbase,btc_usd,10835.53,1601536155.454447,10835.01,0,10835.54,0,10695.19
Coinbase,btc_usd,10835.01,1601536155.487474,10835.01,0,10835.02,0,10695.19
Coinbase,btc_usd,10835.01,1601536155.53907,10835.01,0,10835.02,0,10695.19
Coinbase,btc_usd,10835.01,1601536155.602776,10833.53,0,10835.02,0,10695.19
Coinbase,eth_usd,363.45,1601536155.68708,363.45,0,363.46,0,354.71
Coinbase,eth_usd,363.45,1601536155.687568,363.45,0,363.46,0,354.71
Coinbase,eth_usd,363.45,1601536155.687921,363.45,0,363.46,0,354.71
Coinbase,eth_usd,363.45,1601536155.68827,363.45,0,363.46,0,354.71
Coinbase,btc_eur,9236.6,1601536155.715534,9236.1,0,9237.12,0,9127.62
Coinbase,btc_eur,9236.1,1601536155.716038,9234.4,0,9237.12,0,9127.62
Coinbase,btc_eur,9234.4,1601536155.729799,9234.4,0,9237.12,0,9127.62
Coinbase,eth_usd,363.45,1601536155.730217,363.37,0,363.46,0,354.71
Coinbase,btc_usd,10833.35,1601536156.688003,10833.35,0,10833.36,0,10695.19
Coinbase,btc_usd,10833.35,1601536156.688692,10833.35,0,10833.36,0,10695.19
Coinbase,btc_usd,10833.35,1601536157.196462,10833.35,0,10833.36,0,10695.19
Coinbase,btc_usd,10833.35,1601536157.581978,10833.35,0,10833.36,0,10695.19
Coinbase,eth_usd,363.25,1601536158.123529,363.24,0,363.25,0,354.71
Coinbase,btc_usd,10833.36,1601536159.613712,10833.35,0,10833.36,0,10695.19
Coinbase,btc_usd,10833.36,1601536160.100035,10833.35,0,10833.36,0,10695.19
Coinbase,eth_eur,309.81,1601536162.389339,309.76,0,309.82,0,302.41
Coinbase,eth_eur,309.76,1601536162.390093,309.72,0,309.82,0,302.41
Coinbase,eth_eur,309.72,1601536162.39103,309.71,0,309.82,0,302.41
Coinbase,eth_eur,309.71,1601536162.391413,309.67,0,309.82,0,302.41
Coinbase,eth_eur,309.67,1601536162.391767,309.66,0,309.82,0,302.41
Coinbase,eth_eur,309.66,1601536162.392469,309.66,0,309.82,0,302.41
Coinbase,eth_eur,309.66,1601536162.392829,309.65,0,309.82,0,302.41
Coinbase,eth_eur,309.65,1601536162.393584,309.65,0,309.82,0,302.41
Coinbase,eth_eur,309.65,1601536162.394247,309.65,0,309.82,0,302.41
Coinbase,btc_usd,10833.35,1601536163.803579,10833.35,0,10833.36,0,10695.19
Coinbase,btc_usd,10833.36,1601536170.099165,10833.35,0,10833.36,0,10695.19
Coinbase,eth_usd,363.25,1601536170.651313,363.24,0,363.25,0,354.71
Coinbase,eth_usd,363.25,1601536170.65222,363.24,0,363.33,0,354.71
Coinbase,eth_usd,363.33,1601536170.652574,363.24,0,363.33,0,354.71
Coinbase,btc_usd,10833.36,1601536170.688291,10833.35,0,10833.36,0,10695.19
Coinbase,eth_usd,363.29,1601536170.811843,363.29,0,363.32,0,354.71
Coinbase,btc_usd,10833.36,1601536172.219816,10833.35,0,10833.36,0,10695.19
Coinbase,btc_usd,10833.35,1601536172.251029,10833.35,0,10833.36,0,10695.19
Coinbase,btc_eur,9234.41,1601536172.479442,9231.16,0,9234.41,0,9127.62
Coinbase,eth_usd,363.31,1601536173.849551,363.27,0,363.31,0,354.71
Coinbase,eth_usd,363.31,1601536173.851239,363.27,0,363.32,0,354.71
Coinbase,eth_usd,363.32,1601536173.851713,363.27,0,363.32,0,354.71
Coinbase,eth_usd,363.3,1601536178.031399,363.29,0,363.3,0,354.71
Coinbase,eth_usd,363.3,1601536179.770656,363.29,0,363.3,0,354.71
Coinbase,btc_eur,9232.53,1601536179.838548,9232.53,0,9235.73,0,9127.62
Coinbase,eth_usd,363.3,1601536180.836091,363.29,0,363.3,0,354.71
Coinbase,btc_usd,10833.36,1601536181.629937,10833.35,0,10833.36,0,10695.19
Coinbase,eth_usd,363.29,1601536181.640401,363.29,0,363.3,0,354.71
Coinbase,btc_eur,9234.78,1601536182.659967,9231.98,0,9234.78,0,9127.62
Coinbase,btc_usd,10833.35,1601536185.825765,10833.35,0,10833.36,0,10695.19
Coinbase,btc_usd,10833.36,1601536186.348169,10833.35,0,10833.36,0,10695.19
Coinbase,btc_usd,10833.35,1601536189.687679,10833.35,0,10833.36,0,10695.19
Coinbase,btc_usd,10833.36,1601536190.371473,10833.35,0,10833.36,0,10695.19
Coinbase,eth_usd,363.29,1601536191.737632,363.29,0,363.3,0,354.71
Coinbase,eth_usd,363.29,1601536191.738163,363.29,0,363.3,0,354.71
Coinbase,eth_usd,363.29,1601536191.738511,363.29,0,363.3,0,354.71
Coinbase,eth_usd,363.29,1601536191.738858,363.29,0,363.3,0,354.71
Coinbase,eth_usd,363.29,1601536191.739206,363.29,0,363.3,0,354.71
Coinbase,eth_usd,363.29,1601536191.740113,363.29,0,363.3,0,354.71
Coinbase,eth_usd,363.29,1601536191.740466,363.29,0,363.3,0,354.71
Coinbase,eth_usd,363.29,1601536191.740813,363.18,0,363.3,0,354.71
Coinbase,btc_usd,10833.36,1601536192.169165,10833.35,0,10833.36,0,10695.19
Coinbase,eth_usd,363.11,1601536193.699888,363.1,0,363.13,0,354.71
Coinbase,eth_usd,363.13,1601536193.700433,363.1,0,363.14,0,354.71
Coinbase,eth_usd,363.14,1601536193.700767,363.1,0,363.14,0,354.71
Coinbase,eth_usd,363.14,1601536194.008227,363.1,0,363.14,0,354.71
Coinbase,btc_usd,10833.36,1601536198.604651,10833.35,0,10833.36,0,10695.19
Coinbase,btc_usd,10833.36,1601536200.049596,10833.35,0,10833.36,0,10695.19
Coinbase,btc_usd,10833.36,1601536200.64912,10833.35,0,10833.36,0,10695.19
Coinbase,btc_eur,9233.93,1601536200.8045,9233.93,0,9235.46,0,9127.62
Coinbase,btc_eur,9233.94,1601536200.926245,9233.94,0,9235.46,0,9127.62
Coinbase,btc_usd,10833.36,1601536200.935707,10833.35,0,10833.36,0,10695.19
Coinbase,btc_usd,10833.36,1601536201.03185,10833.35,0,10833.36,0,10695.19
Coinbase,btc_usd,10833.35,1601536201.262364,10833.35,0,10833.36,0,10695.19
Coinbase,eth_usd,363.18,1601536201.539574,363.17,0,363.18,0,354.71
Coinbase,btc_usd,10833.35,1601536202.814155,10833.35,0,10833.36,0,10695.19
Coinbase,eth_usd,363.17,1601536204.748656,363.17,0,363.18,0,354.71
Coinbase,eth_usd,363.17,1601536204.749558,363.17,0,363.18,0,354.71
Coinbase,btc_usd,10833.36,1601536205.766348,10833.35,0,10833.36,0,10695.19
Coinbase,eth_usd,363.18,1601536206.207552,363.17,0,363.18,0,354.71
Coinbase,btc_usd,10833.36,1601536207.174559,10833.35,0,10833.36,0,10695.19
Coinbase,btc_usd,10833.36,1601536207.175127,10833.35,0,10833.36,0,10695.19
Coinbase,btc_usd,10833.36,1601536207.180258,10833.35,0,10833.36,0,10695.19
Coinbase,btc_usd,10833.36,1601536207.18071,10833.35,0,10833.36,0,10695.19
Coinbase,btc_usd,10833.36,1601536207.181065,10833.35,0,10833.36,0,10695.19
Coinbase,btc_usd,10833.36,1601536207.181419,10833.35,0,10833.36,0,10695.19
Coinbase,btc_usd,10833.36,1601536207.182169,10833.35,0,10833.36,0,10695.19
Coinbase,btc_usd,10833.36,1601536207.182525,10833.35,0,10833.36,0,10695.19
Coinbase,btc_usd,10833.36,1601536207.182879,10833.35,0,10833.36,0,10695.19
Coinbase,eth_usd,363.18,1601536209.257573,363.17,0,363.18,0,354.71
Coinbase,btc_usd,10833.36,1601536211.084756,10833.35,0,10833.36,0,10695.19
Coinbase,btc_usd,10833.36,1601536212.233635,10833.35,0,10833.36,0,10695.19
Coinbase,btc_eur,9234.04,1601536212.332041,9234.04,0,9235.44,0,9127.62
Coinbase,btc_usd,10833.36,1601536213.588598,10833.35,0,10833.36,0,10695.19
Coinbase,btc_usd,10833.36,1601536216.244197,10833.35,0,10833.36,0,10695.19
Coinbase,btc_usd,10833.35,1601536217.036469,10833.35,0,10833.36,0,10695.19
Coinbase,btc_usd,10833.35,1601536217.069241,10833.35,0,10833.36,0,10695.19
Coinbase,btc_usd,10833.35,1601536217.08915,10833.35,0,10833.36,0,10695.19
Coinbase,btc_usd,10833.35,1601536217.107017,10833.35,0,10833.36,0,10695.19
Coinbase,eth_usd,363.17,1601536217.488508,363.17,0,363.18,0,354.71
Coinbase,btc_usd,10833.36,1601536218.992986,10833.35,0,10833.36,0,10695.19
Coinbase,eth_eur,309.72,1601536219.786319,309.66,0,309.72,0,302.41
Coinbase,btc_usd,10833.35,1601536220.657837,10833.35,0,10833.36,0,10695.19
Coinbase,eth_usd,363.17,1601536222.33163,363.17,0,363.18,0,354.71
Coinbase,btc_usd,10833.36,1601536223.120979,10833.35,0,10833.36,0,10695.19
Coinbase,btc_usd,10833.36,1601536223.78334,10833.35,0,10833.36,0,10695.19
Coinbase,btc_usd,10833.35,1601536224.016793,10833.35,0,10833.36,0,10695.19
Coinbase,btc_usd,10833.36,1601536224.820927,10833.35,0,10833.36,0,10695.19
Coinbase,btc_usd,10833.36,1601536225.275556,10833.35,0,10833.36,0,10695.19
Coinbase,btc_usd,10833.36,1601536227.081852,10833.35,0,10833.36,0,10695.19
Coinbase,btc_usd,10833.36,1601536228.45562,10833.35,0,10833.36,0,10695.19
Coinbase,btc_usd,10833.36,1601536228.895652,10833.35,0,10833.36,0,10695.19
Coinbase,btc_usd,10833.35,1601536231.922102,10833.35,0,10833.36,0,10695.19
Coinbase,btc_usd,10833.36,1601536234.119902,10833.35,0,10833.36,0,10695.19
Coinbase,btc_eur,9235.44,1601536234.24934,9234.04,0,9235.44,0,9127.62
Coinbase,eth_usd,363.18,1601536234.477052,363.17,0,363.18,0,354.71
Coinbase,eth_usd,363.17,1601536239.551145,363.17,0,363.18,0,354.71
Coinbase,eth_usd,363.17,1601536239.551991,363.17,0,363.18,0,354.71
Coinbase,eth_usd,363.17,1601536239.554083,363.17,0,363.18,0,354.71
Coinbase,eth_usd,363.17,1601536239.554553,363.17,0,363.18,0,354.71
Coinbase,btc_usd,10833.36,1601536239.564522,10833.35,0,10833.36,0,10695.19
Coinbase,eth_usd,363.18,1601536240.339644,363.17,0,363.18,0,354.71
Coinbase,btc_eur,9234.04,1601536240.587632,9234.04,0,9235.46,0,9127.62
Coinbase,eth_usd,363.18,1601536240.599944,363.17,0,363.18,0,354.71
Coinbase,eth_usd,363.18,1601536241.881,363.17,0,363.18,0,354.71
Coinbase,btc_usd,10833.36,1601536241.996817,10833.35,0,10833.36,0,10695.19
Coinbase,btc_usd,10833.35,1601536242.673086,10833.35,0,10833.36,0,10695.19
Coinbase,btc_usd,10833.35,1601536242.680707,10833.35,0,10833.36,0,10695.19
Coinbase,btc_usd,10833.35,1601536242.698385,10833.35,0,10833.36,0,10695.19
Coinbase,btc_usd,10833.35,1601536245.278917,10833.35,0,10833.36,0,10695.19
Coinbase,btc_usd,10833.36,1601536249.712994,10833.35,0,10833.36,0,10695.19
Coinbase,eth_usd,363.18,1601536250.343616,363.17,0,363.18,0,354.71
Coinbase,eth_usd,363.17,1601536251.07248,363.17,0,363.18,0,354.71
Coinbase,eth_usd,363.17,1601536251.077054,363.17,0,363.18,0,354.71
Coinbase,btc_usd,10833.36,1601536252.327988,10833.35,0,10833.36,0,10695.19
Coinbase,btc_usd,10833.36,1601536252.512799,10833.35,0,10833.36,0,10695.19
Coinbase,eth_usd,363.18,1601536253.011836,363.17,0,363.18,0,354.71
Coinbase,btc_usd,10833.36,1601536253.280214,10833.35,0,10833.36,0,10695.19
Coinbase,btc_usd,10833.35,1601536253.946118,10833.35,0,10833.36,0,10695.19
Coinbase,eth_usd,363.18,1601536253.956751,363.17,0,363.18,0,354.71
Coinbase,btc_usd,10833.35,1601536255.290785,10833.35,0,10833.36,0,10695.19
Coinbase,btc_usd,10833.36,1601536257.816061,10833.35,0,10833.36,0,10695.19
Coinbase,btc_usd,10833.36,1601536259.818835,10833.35,0,10833.36,0,10695.19
Coinbase,btc_usd,10833.36,1601536260.456722,10833.35,0,10833.36,0,10695.19
Coinbase,btc_usd,10833.35,1601536260.639765,10833.35,0,10833.36,0,10695.19
Coinbase,btc_usd,10833.35,1601536260.643192,10833.35,0,10833.36,0,10695.19
Coinbase,btc_usd,10833.35,1601536261.290693,10833.35,0,10833.36,0,10695.19
Coinbase,btc_usd,10833.35,1601536261.419406,10833.35,0,10833.36,0,10695.19
Coinbase,btc_usd,10833.35,1601536261.419865,10832.81,0,10833.36,0,10695.19
Coinbase,btc_usd,10832.81,1601536261.420217,10832.81,0,10833.36,0,10695.19
Coinbase,btc_usd,10832.82,1601536262.513902,10832.81,0,10832.82,0,10695.19
Coinbase,btc_usd,10832.82,1601536262.625561,10832.81,0,10832.82,0,10695.19
Coinbase,btc_eur,9233.68,1601536265.663912,9233.68,0,9235.37,0,9127.62
Coinbase,btc_eur,9235.37,1601536266.425659,9233.68,0,9235.37,0,9127.62
Coinbase,btc_usd,10832.23,1601536268.790767,10831.9,0,10832.23,0,10695.19
Coinbase,btc_usd,10832.23,1601536269.025626,10831.9,0,10832.23,0,10695.19
Coinbase,btc_eur,9233.23,1601536270.06801,9233.23,0,9235.34,0,9127.62
Coinbase,btc_eur,9235.34,1601536270.680513,9232.92,0,9235.34,0,9127.62
Coinbase,btc_eur,9235.34,1601536270.681785,9232.92,0,9235.34,0,9127.62
Coinbase,btc_usd,10832.22,1601536270.790808,10831.87,0,10832.22,0,10695.19
Coinbase,btc_eur,9235.34,1601536270.914253,9232.95,0,9235.34,0,9127.62
Coinbase,btc_eur,9232.95,1601536271.22751,9232.95,0,9235.34,0,9127.62
Coinbase,btc_eur,9235.31,1601536274.736359,9232.59,0,9235.31,0,9127.62
Coinbase,btc_usd,10831.88,1601536275.506198,10831.87,0,10831.88,0,10695.19
Coinbase,btc_usd,10831.88,1601536278.681169,10831.87,0,10831.88,0,10695.19
Coinbase,eth_eur,309.66,1601536279.865108,309.66,0,309.73,0,302.41
Coinbase,eth_eur,309.66,1601536279.865637,309.66,0,309.73,0,302.41
Coinbase,btc_eur,9232.64,1601536280.341755,9232.35,0,9234.61,0,9127.62
Coinbase,btc_eur,9232.35,1601536280.342289,9232.34,0,9234.61,0,9127.62
Coinbase,btc_eur,9232.34,1601536280.34267,9232.34,0,9234.61,0,9127.62
Coinbase,btc_usd,10831.88,1601536280.581789,10831.87,0,10831.88,0,10695.19
Coinbase,eth_eur,309.72,1601536282.333543,309.66,0,309.72,0,302.41
Coinbase,eth_usd,363.23,1601536283.666637,363.22,0,363.23,0,354.71
Coinbase,btc_usd,10831.88,1601536287.981475,10831.87,0,10831.88,0,10695.19
Coinbase,btc_usd,10831.87,1601536290.241982,10831.87,0,10831.88,0,10695.19
Coinbase,btc_usd,10831.87,1601536290.242433,10831.87,0,10831.88,0,10695.19
Coinbase,eth_usd,363.23,1601536290.367023,363.22,0,363.23,0,354.71
Coinbase,eth_usd,363.23,1601536290.490843,363.22,0,363.23,0,354.71
Coinbase,btc_usd,10831.88,1601536292.092779,10831.36,0,10831.88,0,10695.19
Coinbase,eth_usd,363.23,1601536293.491291,363.22,0,363.23,0,354.71
Coinbase,btc_usd,10831.61,1601536294.28229,10831.6,0,10831.61,0,10695.19
Coinbase,btc_eur,9231.87,1601536298.556379,9231.87,0,9233.86,0,9127.62
Coinbase,eth_eur,309.68,1601536300.905269,309.66,0,309.68,0,302.41
Coinbase,btc_usd,10831.61,1601536302.185308,10831.6,0,10831.61,0,10695.19
Coinbase,eth_usd,363.23,1601536305.509487,363.22,0,363.23,0,354.71
Coinbase,btc_eur,9233.24,1601536308.084098,9231.03,0,9233.24,0,9127.62
Coinbase,btc_usd,10830.82,1601536308.303575,10830.52,0,10830.82,0,10695.19
Coinbase,btc_eur,9233.24,1601536308.620528,9231.03,0,9233.24,0,9127.62
Coinbase,eth_usd,363.23,1601536309.939561,363.22,0,363.23,0,354.71
Coinbase,btc_eur,9231.03,1601536310.054207,9231.03,0,9233.24,0,9127.62
Coinbase,eth_eur,309.66,1601536310.379328,309.66,0,309.69,0,302.41
Coinbase,btc_eur,9233.24,1601536315.246851,9231.82,0,9233.24,0,9127.62
Coinbase,btc_usd,10830.82,1601536315.505902,10830.81,0,10830.82,0,10695.19
Coinbase,btc_usd,10830.81,1601536318.054687,10830.81,0,10830.82,0,10695.19
Coinbase,eth_usd,363.15,1601536318.611684,363.14,0,363.23,0,354.71
Coinbase,eth_usd,363.22,1601536318.782418,363.22,0,363.23,0,354.71
Coinbase,eth_usd,363.22,1601536318.785587,363.22,0,363.23,0,354.71
Coinbase,eth_usd,363.22,1601536319.032617,363.22,0,363.23,0,354.71
Coinbase,eth_usd,363.22,1601536319.298972,363.22,0,363.23,0,354.71
Coinbase,btc_usd,10830.82,1601536320.230543,10830.81,0,10830.82,0,10695.19
Coinbase,btc_usd,10830.81,1601536320.942033,10830.81,0,10830.82,0,10695.19
Coinbase,btc_usd,10830.82,1601536322.935817,10830.81,0,10830.82,0,10695.19
Coinbase,eth_eur,309.75,1601536324.105595,309.67,0,309.75,0,302.41
Coinbase,btc_usd,10830.81,1601536327.008661,10830.81,0,10830.82,0,10695.19
Coinbase,btc_usd,10830.81,1601536328.117989,10830.81,0,10830.82,0,10695.19
Coinbase,btc_usd,10830.82,1601536328.699253,10830.81,0,10830.83,0,10695.19
Coinbase,btc_usd,10830.83,1601536328.700158,10830.81,0,10830.83,0,10695.19
Coinbase,btc_eur,9236.96,1601536331.047191,9233.75,0,9237.1,0,9127.62
Coinbase,btc_eur,9237.1,1601536331.049078,9233.75,0,9237.11,0,9127.62
Coinbase,btc_eur,9237.11,1601536331.049453,9233.75,0,9237.11,0,9127.62
Coinbase,btc_eur,9235.2,1601536332.205543,9234.15,0,9237.1,0,9127.62
Coinbase,btc_usd,10830.82,1601536333.171888,10830.82,0,10830.83,0,10695.19
Coinbase,btc_usd,10830.83,1601536334.379419,10830.82,0,10830.83,0,10695.19
Coinbase,eth_usd,363.17,1601536334.652977,363.16,0,363.17,0,354.71
Coinbase,eth_usd,363.17,1601536334.653858,363.16,0,363.23,0,354.71
Coinbase,eth_usd,363.23,1601536334.654509,363.16,0,363.23,0,354.71
Coinbase,eth_usd,363.19,1601536334.886639,363.19,0,363.23,0,354.71
Coinbase,eth_usd,363.19,1601536335.092977,363.19,0,363.23,0,354.71
Coinbase,eth_usd,363.17,1601536335.349934,363.17,0,363.22,0,354.71
Coinbase,eth_usd,363.17,1601536335.90247,363.17,0,363.22,0,354.71
Coinbase,btc_usd,10830.82,1601536336.488682,10830.82,0,10830.83,0,10695.19
Coinbase,eth_usd,363.22,1601536336.967841,363.17,0,363.22,0,354.71
Coinbase,btc_usd,10830.83,1601536337.228755,10830.82,0,10830.83,0,10695.19
Coinbase,btc_eur,9234.98,1601536338.99321,9234.98,0,9235.15,0,9127.62
Coinbase,btc_eur,9234.98,1601536339.882666,9234.98,0,9235.15,0,9127.62
Coinbase,eth_usd,363.23,1601536343.912579,363.22,0,363.23,0,354.71
Coinbase,btc_usd,10830.83,1601536344.067226,10830.82,0,10830.83,0,10695.19
Coinbase,eth_eur,309.75,1601536347.594355,309.73,0,309.88,0,302.41
Coinbase,btc_usd,10830.82,1601536348.711923,10830.82,0,10830.83,0,10695.19
Coinbase,btc_eur,9235.15,1601536349.185238,9234.98,0,9237.09,0,9127.62
Coinbase,btc_eur,9237.09,1601536349.185811,9234.98,0,9237.11,0,9127.62
Coinbase,btc_eur,9237.11,1601536349.18616,9234.98,0,9237.11,0,9127.62
Coinbase,eth_usd,363.23,1601536349.906388,363.22,0,363.35,0,354.71
Coinbase,eth_usd,363.35,1601536349.908444,363.22,0,363.35,0,354.71
Coinbase,btc_eur,9234.98,1601536349.922833,9234.98,0,9237.11,0,9127.62
Coinbase,btc_usd,10830.83,1601536353.153314,10830.82,0,10830.83,0,10695.19
Coinbase,btc_usd,10830.83,1601536354.03282,10830.82,0,10830.83,0,10695.19
Coinbase,btc_usd,10830.82,1601536355.833941,10830.82,0,10830.83,0,10695.19
Coinbase,btc_usd,10830.82,1601536355.834991,10830.82,0,10830.83,0,10695.19
Coinbase,eth_eur,309.75,1601536361.061316,309.75,0,309.86,0,302.41
Coinbase,btc_usd,10830.83,1601536366.731758,10830.82,0,10830.83,0,10695.19
Coinbase,btc_usd,10830.83,1601536368.742434,10830.82,0,10830.83,0,10695.19
Coinbase,btc_usd,10830.83,1601536371.414116,10830.82,0,10830.83,0,10695.19
Coinbase,btc_usd,10830.83,1601536371.708366,10830.82,0,10830.83,0,10695.19
Coinbase,btc_usd,10830.83,1601536371.70922,10830.82,0,10830.83,0,10695.19
Coinbase,btc_eur,9236.97,1601536374.983648,9236.69,0,9236.97,0,9127.62
Coinbase,btc_eur,9236.97,1601536378.000428,9236.69,0,9236.97,0,9127.62
Coinbase,btc_usd,10830.83,1601536378.00141,10830.82,0,10830.83,0,10695.19
Coinbase,eth_eur,309.91,1601536378.166726,309.75,0,309.91,0,302.41
Coinbase,btc_usd,10830.82,1601536378.492378,10830.82,0,10830.83,0,10695.19
Coinbase,btc_usd,10830.83,1601536379.663533,10830.82,0,10830.83,0,10695.19
Coinbase,eth_usd,363.25,1601536380.164343,363.24,0,363.25,0,354.71
Coinbase,btc_usd,10830.82,1601536386.013661,10830.82,0,10830.83,0,10695.19
Coinbase,btc_eur,9235.62,1601536391.694208,9234.02,0,9235.62,0,9127.62
Coinbase,btc_usd,10830.82,1601536392.503388,10830.82,0,10830.83,0,10695.19
Coinbase,btc_usd,10830.82,1601536392.503929,10830.82,0,10830.83,0,10695.19
Coinbase,eth_usd,363.25,1601536395.552177,363.25,0,363.26,0,354.71
Coinbase,btc_eur,9235.62,1601536397.134328,9234.11,0,9235.63,0,9127.62
Coinbase,btc_eur,9235.63,1601536397.134844,9234.11,0,9235.63,0,9127.62
Coinbase,btc_usd,10830.83,1601536397.380244,10830.82,0,10830.83,0,10695.19
Coinbase,btc_eur,9235.14,1601536401.960517,9234.3,0,9235.14,0,9127.62
Coinbase,eth_eur,309.79,1601536402.023521,309.75,0,309.79,0,302.41
Coinbase,btc_usd,10830.83,1601536403.876053,10830.82,0,10830.83,0,10695.19
Coinbase,eth_eur,309.79,1601536404.318401,309.75,0,309.79,0,302.41
Coinbase,btc_usd,10830.83,1601536405.551615,10830.82,0,10830.83,0,10695.19
Coinbase,btc_usd,10830.83,1601536408.47561,10830.82,0,10830.83,0,10695.19
Coinbase,btc_usd,10830.83,1601536408.720693,10830.82,0,10830.83,0,10695.19
Coinbase,btc_usd,10830.83,1601536409.616982,10830.82,0,10830.83,0,10695.19
Coinbase,btc_eur,9235.12,1601536409.941252,9234.0,0,9235.14,0,9127.62
Coinbase,btc_eur,9235.14,1601536409.941846,9234.0,0,9236.09,0,9127.62
Coinbase,btc_eur,9236.09,1601536409.94332,9234.0,0,9236.09,0,9127.62
Coinbase,eth_eur,309.78,1601536412.772265,309.75,0,309.78,0,302.41
Coinbase,eth_eur,309.78,1601536414.28364,309.75,0,309.78,0,302.41
Coinbase,btc_eur,9235.07,1601536414.48949,9232.77,0,9235.07,0,9127.62
Coinbase,btc_usd,10830.83,1601536414.849587,10830.82,0,10830.83,0,10695.19
Coinbase,btc_usd,10830.83,1601536414.850171,10830.82,0,10830.83,0,10695.19
Coinbase,btc_eur,9234.94,1601536421.413646,9233.45,0,9234.94,0,9127.62
Coinbase,btc_eur,9234.94,1601536421.441904,9233.45,0,9235.54,0,9127.62
Coinbase,btc_eur,9235.54,1601536421.442703,9233.45,0,9235.54,0,9127.62
Coinbase,btc_usd,10830.82,1601536423.83034,10830.82,0,10830.83,0,10695.19
Coinbase,btc_usd,10830.82,1601536423.830932,10830.82,0,10830.83,0,10695.19
Coinbase,eth_usd,363.15,1601536425.523033,363.11,0,363.16,0,354.71
Coinbase,eth_usd,363.11,1601536425.523881,363.11,0,363.16,0,354.71
Coinbase,btc_usd,10830.83,1601536425.951333,10830.82,0,10830.83,0,10695.19
Coinbase,btc_usd,10830.29,1601536427.414765,10830.28,0,10830.29,0,10695.19
Coinbase,btc_usd,10830.29,1601536428.14721,10830.28,0,10830.29,0,10695.19
Coinbase,btc_usd,10830.29,1601536428.332064,10830.28,0,10830.29,0,10695.19
Coinbase,btc_usd,10830.29,1601536429.054842,10830.28,0,10830.29,0,10695.19
Coinbase,btc_usd,10830.29,1601536430.446963,10830.28,0,10830.29,0,10695.19
Coinbase,btc_usd,10830.29,1601536431.245919,10830.28,0,10830.29,0,10695.19
Coinbase,btc_usd,10830.29,1601536431.974736,10830.28,0,10830.29,0,10695.19
Coinbase,eth_usd,363.17,1601536432.021443,363.16,0,363.27,0,354.71
Coinbase,btc_eur,9233.45,1601536432.151109,9233.45,0,9235.69,0,9127.62
Coinbase,btc_usd,10830.29,1601536432.674993,10830.28,0,10830.29,0,10695.19
Coinbase,btc_usd,10830.29,1601536432.677768,10830.28,0,10830.29,0,10695.19
Coinbase,btc_usd,10830.29,1601536432.678884,10830.28,0,10830.29,0,10695.19
Coinbase,btc_usd,10830.29,1601536432.679251,10830.28,0,10830.29,0,10695.19
Coinbase,btc_usd,10830.29,1601536432.680727,10830.28,0,10830.29,0,10695.19
Coinbase,btc_usd,10830.29,1601536432.681168,10830.28,0,10830.29,0,10695.19
Coinbase,btc_usd,10830.29,1601536432.682981,10830.28,0,10830.29,0,10695.19
Coinbase,btc_usd,10830.29,1601536433.082902,10830.28,0,10830.29,0,10695.19
Coinbase,btc_usd,10830.29,1601536433.084197,10830.28,0,10830.29,0,10695.19
Coinbase,eth_eur,309.76,1601536433.101899,309.76,0,309.87,0,302.41
Coinbase,eth_usd,363.22,1601536434.059754,363.21,0,363.26,0,354.71
Coinbase,eth_usd,363.26,1601536434.061103,363.21,0,363.26,0,354.71
Coinbase,eth_usd,363.22,1601536435.027946,363.21,0,363.22,0,354.71
Coinbase,eth_usd,363.22,1601536435.028533,363.21,0,363.22,0,354.71
Coinbase,btc_usd,10830.29,1601536435.763078,10830.29,0,10830.3,0,10695.19
Coinbase,btc_usd,10830.3,1601536437.814018,10830.29,0,10830.3,0,10695.19
Coinbase,btc_eur,9235.76,1601536438.970683,9233.47,0,9235.76,0,9127.62
Coinbase,btc_usd,10830.3,1601536439.529326,10830.29,0,10830.3,0,10695.19
Coinbase,btc_usd,10830.3,1601536441.819343,10830.29,0,10830.3,0,10695.19
Coinbase,btc_eur,9236.72,1601536442.591856,9233.59,0,9236.72,0,9127.62
Coinbase,btc_eur,9236.68,1601536442.984928,9233.59,0,9236.68,0,9127.62
Coinbase,btc_usd,10830.3,1601536444.170828,10830.29,0,10830.3,0,10695.19
Coinbase,btc_usd,10830.29,1601536444.708646,10830.29,0,10830.3,0,10695.19
Coinbase,btc_usd,10830.29,1601536444.709209,10830.29,0,10830.3,0,10695.19
Coinbase,btc_usd,10830.3,1601536446.352611,10830.29,0,10830.3,0,10695.19
Coinbase,btc_usd,10830.3,1601536449.231607,10830.29,0,10830.3,0,10695.19
Coinbase,btc_usd,10830.3,1601536450.336351,10830.29,0,10830.3,0,10695.19
Coinbase,eth_usd,363.14,1601536454.385168,363.13,0,363.14,0,354.71
Coinbase,btc_usd,10830.3,1601536454.439537,10830.29,0,10830.3,0,10695.19
Coinbase,btc_usd,10830.3,1601536454.700972,10830.29,0,10830.3,0,10695.19
Coinbase,btc_usd,10830.3,1601536456.251153,10830.29,0,10830.3,0,10695.19
Coinbase,btc_usd,10831.14,1601536456.917276,10831.14,0,10831.15,0,10695.19
Coinbase,btc_eur,9235.8,1601536458.268914,9234.01,0,9235.8,0,9127.62
Coinbase,btc_usd,10831.15,1601536458.271026,10831.14,0,10831.15,0,10695.19
Coinbase,eth_usd,363.13,1601536458.498357,363.11,0,363.14,0,354.71
Coinbase,eth_usd,363.11,1601536458.499428,363.11,0,363.14,0,354.71
Coinbase,btc_eur,9234.01,1601536461.330367,9234.01,0,9236.24,0,9127.62
Coinbase,btc_usd,10830.9,1601536463.781761,10830.89,0,10830.9,0,10695.19
Coinbase,btc_usd,10830.9,1601536464.054162,10830.89,0,10830.9,0,10695.19
Coinbase,btc_eur,9234.07,1601536464.065528,9234.07,0,9236.53,0,9127.62
Coinbase,eth_usd,363.17,1601536464.350049,363.13,0,363.17,0,354.71
Coinbase,eth_eur,309.76,1601536464.367503,309.75,0,309.76,0,302.41
Coinbase,btc_usd,10830.9,1601536466.39046,10830.89,0,10830.9,0,10695.19
Coinbase,btc_eur,9234.07,1601536466.913486,9234.07,0,9236.44,0,9127.62
Coinbase,eth_usd,363.1,1601536469.963434,363.1,0,363.15,0,354.71
Coinbase,eth_eur,309.75,1601536470.58861,309.75,0,309.76,0,302.41
Coinbase,eth_usd,363.03,1601536470.677374,363.0,0,363.03,0,354.71
Coinbase,eth_eur,309.75,1601536470.937924,309.64,0,309.76,0,302.41
Coinbase,eth_eur,309.64,1601536471.296252,309.64,0,309.65,0,302.41
Coinbase,btc_usd,10830.82,1601536471.412735,10830.82,0,10830.83,0,10695.19
Coinbase,btc_eur,9235.84,1601536472.484386,9234.17,0,9235.84,0,9127.62
Coinbase,eth_usd,362.98,1601536472.50533,362.92,0,362.98,0,354.71
Coinbase,eth_usd,362.94,1601536475.982902,362.94,0,362.98,0,354.71
Coinbase,btc_usd,10830.83,1601536476.104294,10830.82,0,10830.83,0,10695.19
Coinbase,btc_usd,10830.83,1601536476.105627,10830.82,0,10830.83,0,10695.19
Coinbase,eth_usd,362.98,1601536476.114491,362.94,0,362.98,0,354.71
Coinbase,btc_usd,10830.82,1601536476.619103,10830.82,0,10830.83,0,10695.19
Coinbase,eth_usd,362.98,1601536479.216221,362.97,0,363.05,0,354.71
Coinbase,eth_usd,363.11,1601536480.142075,363.1,0,363.11,0,354.71
Coinbase,btc_usd,10830.83,1601536483.910234,10830.82,0,10830.83,0,10695.19
Coinbase,eth_usd,363.09,1601536487.718094,363.05,0,363.09,0,354.71
Coinbase,btc_usd,10830.82,1601536491.040183,10830.82,0,10830.83,0,10695.19
Coinbase,btc_usd,10830.83,1601536491.498296,10830.82,0,10830.83,0,10695.19
Coinbase,eth_usd,363.09,1601536492.144874,363.05,0,363.09,0,354.71
Coinbase,btc_usd,10830.82,1601536493.250077,10830.82,0,10830.83,0,10695.19
Coinbase,btc_usd,10830.83,1601536493.372686,10830.82,0,10830.83,0,10695.19
Coinbase,btc_usd,10830.82,1601536497.906503,10830.82,0,10830.83,0,10695.19
Coinbase,btc_usd,10830.82,1601536498.186504,10830.82,0,10830.83,0,10695.19
Coinbase,btc_eur,9234.44,1601536498.476406,9234.0,0,9234.44,0,9127.62
Coinbase,btc_usd,10830.83,1601536499.96588,10830.82,0,10830.83,0,10695.19
Coinbase,btc_eur,9234.0,1601536500.808872,9234.0,0,9234.41,0,9127.62
Coinbase,btc_eur,9234.0,1601536501.362314,9234.0,0,9234.41,0,9127.62
Coinbase,eth_usd,363.04,1601536501.555298,363.01,0,363.04,0,354.71
Coinbase,eth_eur,309.64,1601536501.556191,309.64,0,309.65,0,302.41
Coinbase,btc_usd,10830.83,1601536502.495776,10830.82,0,10830.83,0,10695.19
Coinbase,btc_eur,9234.72,1601536502.998613,9234.0,0,9234.72,0,9127.62
Coinbase,btc_usd,10830.83,1601536503.251181,10830.82,0,10830.83,0,10695.19
Coinbase,btc_usd,10830.82,1601536503.687167,10830.82,0,10830.83,0,10695.19
Coinbase,btc_usd,10830.82,1601536504.157167,10830.82,0,10830.83,0,10695.19
Coinbase,eth_eur,309.64,1601536504.361232,309.64,0,309.65,0,302.41
Coinbase,btc_usd,10830.83,1601536505.327566,10830.82,0,10830.83,0,10695.19
Coinbase,btc_usd,10830.82,1601536506.709309,10830.82,0,10830.83,0,10695.19
Coinbase,eth_usd,363.03,1601536506.72716,363.02,0,363.03,0,354.71
Coinbase,btc_eur,9234.75,1601536507.854852,9234.0,0,9234.76,0,9127.62
Coinbase,btc_eur,9234.76,1601536507.855427,9234.0,0,9234.76,0,9127.62
Coinbase,btc_usd,10830.83,1601536508.0617,10830.82,0,10830.83,0,10695.19
Coinbase,eth_usd,363.03,1601536509.951369,363.02,0,363.03,0,354.71
Coinbase,eth_usd,363.03,1601536509.954866,363.02,0,363.06,0,354.71
Coinbase,eth_usd,363.06,1601536509.955221,363.02,0,363.1,0,354.71
Coinbase,eth_eur,309.65,1601536510.044371,309.64,0,309.67,0,302.41
Coinbase,eth_usd,363.15,1601536510.368727,363.15,0,363.19,0,354.71
Coinbase,eth_usd,363.15,1601536510.616665,363.15,0,363.19,0,354.71
Coinbase,eth_eur,309.78,1601536515.944444,309.66,0,309.78,0,302.41
Coinbase,btc_usd,10830.85,1601536516.222148,10830.84,0,10830.85,0,10695.19
Coinbase,btc_usd,10830.85,1601536516.222711,10830.84,0,10830.86,0,10695.19
Coinbase,btc_usd,10830.86,1601536516.224856,10830.84,0,10830.86,0,10695.19
Coinbase,btc_usd,10830.86,1601536516.756077,10830.85,0,10830.86,0,10695.19
Coinbase,btc_usd,10830.86,1601536516.763559,10830.85,0,10830.86,0,10695.19
Coinbase,eth_usd,363.19,1601536518.247593,363.18,0,363.19,0,354.71
Coinbase,eth_usd,363.19,1601536518.248454,363.18,0,363.19,0,354.71
Coinbase,btc_usd,10830.86,1601536518.506052,10830.85,0,10830.86,0,10695.19
Coinbase,btc_usd,10830.86,1601536518.793679,10830.85,0,10830.86,0,10695.19
Coinbase,eth_eur,309.78,1601536519.280422,309.73,0,309.78,0,302.41
Coinbase,btc_usd,10830.85,1601536520.011398,10830.85,0,10830.86,0,10695.19
Coinbase,btc_usd,10830.86,1601536522.667799,10830.85,0,10830.86,0,10695.19
Coinbase,btc_usd,10830.85,1601536522.800024,10830.85,0,10830.86,0,10695.19
Coinbase,btc_usd,10830.86,1601536524.73536,10830.85,0,10830.86,0,10695.19
Coinbase,btc_usd,10830.86,1601536528.610666,10830.85,0,10830.86,0,10695.19
Coinbase,btc_usd,10830.86,1601536528.833182,10830.85,0,10830.86,0,10695.19
Coinbase,btc_eur,9236.11,1601536529.090133,9234.01,0,9236.11,0,9127.62
Coinbase,btc_usd,10830.86,1601536530.25521,10830.85,0,10830.86,0,10695.19
Coinbase,btc_usd,10830.85,1601536531.320703,10830.85,0,10830.86,0,10695.19
Coinbase,btc_usd,10830.86,1601536531.795404,10830.85,0,10830.86,0,10695.19
Coinbase,eth_usd,363.19,1601536532.223534,363.18,0,363.19,0,354.71
Coinbase,eth_usd,363.19,1601536532.224854,363.18,0,363.19,0,354.71
Coinbase,eth_usd,363.19,1601536532.225197,363.18,0,363.19,0,354.71
Coinbase,eth_usd,363.19,1601536532.227214,363.18,0,363.19,0,354.71
Coinbase,eth_usd,363.19,1601536532.22771,363.18,0,363.19,0,354.71
Coinbase,btc_usd,10830.86,1601536534.033119,10830.85,0,10830.86,0,10695.19
Coinbase,btc_usd,10830.85,1601536535.019551,10830.85,0,10830.86,0,10695.19
Coinbase,eth_eur,309.75,1601536535.492273,309.75,0,309.78,0,302.41
Coinbase,btc_usd,10830.86,1601536535.53809,10830.85,0,10830.86,0,10695.19
Coinbase,eth_usd,363.19,1601536535.745943,363.18,0,363.19,0,354.71
Coinbase,btc_usd,10830.86,1601536536.441657,10830.85,0,10830.86,0,10695.19
Coinbase,btc_usd,10830.86,1601536538.061832,10830.85,0,10830.86,0,10695.19
Coinbase,btc_usd,10830.86,1601536538.203594,10830.85,0,10830.86,0,10695.19
Coinbase,btc_eur,9235.97,1601536539.774254,9234.01,0,9235.97,0,9127.62
Coinbase,eth_usd,363.19,1601536539.922107,363.18,0,363.19,0,354.71
Coinbase,eth_usd,363.1,1601536541.38732,363.09,0,363.12,0,354.71
Coinbase,eth_usd,363.11,1601536541.524758,363.1,0,363.11,0,354.71
Coinbase,eth_usd,363.11,1601536541.525672,363.1,0,363.11,0,354.71
Coinbase,eth_usd,363.11,1601536541.649375,363.1,0,363.11,0,354.71
Coinbase,btc_eur,9234.02,1601536543.450126,9234.01,0,9235.95,0,9127.62
Coinbase,btc_eur,9234.01,1601536543.450745,9234.01,0,9235.95,0,9127.62
Coinbase,btc_eur,9235.55,1601536544.806937,9234.01,0,9235.55,0,9127.62
Coinbase,btc_eur,9234.01,1601536544.96785,9234.01,0,9235.55,0,9127.62
Coinbase,btc_usd,10830.83,1601536545.243195,10830.82,0,10830.83,0,10695.19
Coinbase,btc_usd,10830.82,1601536550.044192,10830.28,0,10830.83,0,10695.19
Coinbase,btc_usd,10830.29,1601536553.231629,10830.28,0,10830.29,0,10695.19
Coinbase,btc_usd,10830.29,1601536553.415118,10830.28,0,10830.29,0,10695.19
Coinbase,btc_usd,10830.29,1601536556.04443,10830.28,0,10830.29,0,10695.19
Coinbase,btc_eur,9234.0,1601536556.068482,9234.0,0,9234.82,0,9127.62
Coinbase,btc_eur,9234.0,1601536559.802649,9234.0,0,9234.82,0,9127.62
Coinbase,btc_usd,10830.29,1601536561.18582,10830.28,0,10830.29,0,10695.19
Coinbase,eth_usd,363.11,1601536563.56203,363.1,0,363.11,0,354.71
Coinbase,btc_usd,10830.29,1601536564.453958,10830.28,0,10830.29,0,10695.19
Coinbase,eth_eur,309.73,1601536567.257395,309.66,0,309.73,0,302.41
Coinbase,btc_usd,10830.29,1601536569.013897,10830.28,0,10830.29,0,10695.19
Coinbase,eth_usd,363.25,1601536569.285187,363.2,0,363.25,0,354.71
Coinbase,btc_eur,9234.61,1601536569.738807,9234.61,0,9234.82,0,9127.62
Coinbase,btc_usd,10830.28,1601536570.590111,10830.28,0,10830.29,0,10695.19
Coinbase,btc_usd,10830.29,1601536573.51418,10830.28,0,10830.29,0,10695.19
Coinbase,btc_usd,10830.28,1601536573.724141,10830.28,0,10830.29,0,10695.19
Coinbase,btc_usd,10830.28,1601536573.724764,10830.28,0,10830.29,0,10695.19
Coinbase,btc_usd,10830.29,1601536574.588169,10830.28,0,10830.29,0,10695.19
Coinbase,eth_usd,363.24,1601536577.11026,363.19,0,363.24,0,354.71
Coinbase,eth_usd,363.29,1601536581.252481,363.23,0,363.29,0,354.71
Coinbase,btc_usd,10830.28,1601536581.805495,10830.28,0,10830.29,0,10695.19
Coinbase,btc_usd,10830.29,1601536582.560194,10830.28,0,10830.29,0,10695.19
Coinbase,btc_usd,10830.29,1601536583.779543,10830.28,0,10830.29,0,10695.19
Coinbase,btc_usd,10830.29,1601536585.479566,10830.28,0,10830.29,0,10695.19
Coinbase,eth_usd,363.37,1601536586.288363,363.36,0,363.37,0,354.71
Coinbase,eth_eur,309.73,1601536587.096862,309.72,0,309.73,0,302.41
Coinbase,eth_eur,309.73,1601536587.097456,309.72,0,309.73,0,302.41
Coinbase,btc_eur,9236.12,1601536588.853278,9235.13,0,9236.12,0,9127.62
Coinbase,btc_usd,10830.29,1601536589.158426,10830.28,0,10830.29,0,10695.19
Coinbase,btc_usd,10830.29,1601536589.159045,10830.28,0,10830.29,0,10695.19
Coinbase,btc_usd,10830.29,1601536589.159409,10830.28,0,10830.29,0,10695.19
Coinbase,btc_eur,9236.11,1601536589.174476,9235.86,0,9236.13,0,9127.62
Coinbase,btc_eur,9236.13,1601536589.175022,9235.86,0,9236.13,0,9127.62
Coinbase,btc_usd,10830.29,1601536589.385346,10830.28,0,10830.29,0,10695.19
Coinbase,btc_usd,10830.29,1601536589.852859,10830.28,0,10830.29,0,10695.19
Coinbase,btc_usd,10830.29,1601536589.85564,10830.28,0,10830.29,0,10695.19
Coinbase,btc_usd,10830.29,1601536589.856082,10830.28,0,10830.29,0,10695.19
Coinbase,btc_usd,10830.29,1601536589.856818,10830.28,0,10830.29,0,10695.19
Coinbase,btc_usd,10830.29,1601536589.857517,10830.28,0,10830.29,0,10695.19
Coinbase,btc_usd,10830.29,1601536589.858174,10830.28,0,10830.29,0,10695.19
Coinbase,btc_usd,10830.29,1601536589.96719,10830.28,0,10830.29,0,10695.19
Coinbase,btc_usd,10830.29,1601536589.972865,10830.28,0,10830.29,0,10695.19
Coinbase,btc_usd,10830.29,1601536589.973243,10830.28,0,10830.31,0,10695.19
Coinbase,btc_usd,10830.31,1601536589.973598,10830.28,0,10830.31,0,10695.19
Coinbase,btc_usd,10830.31,1601536589.973951,10830.28,0,10830.31,0,10695.19
Coinbase,btc_usd,10830.31,1601536591.152999,10830.3,0,10830.31,0,10695.19
Coinbase,btc_usd,10830.31,1601536591.153587,10830.3,0,10830.33,0,10695.19
Coinbase,btc_usd,10830.33,1601536591.153938,10830.3,0,10830.33,0,10695.19
Coinbase,eth_usd,363.31,1601536595.990702,363.3,0,363.31,0,354.71
Coinbase,btc_usd,10830.33,1601536599.182983,10830.32,0,10830.33,0,10695.19
Coinbase,btc_usd,10830.33,1601536599.804523,10830.32,0,10830.33,0,10695.19
Coinbase,btc_eur,9236.13,1601536603.874684,9235.86,0,9236.13,0,9127.62
Coinbase,btc_eur,9236.13,1601536607.976558,9234.74,0,9236.13,0,9127.62
Coinbase,eth_usd,363.32,1601536608.208538,363.32,0,363.33,0,354.71
Coinbase,btc_eur,9235.55,1601536608.31287,9235.55,0,9236.13,0,9127.62
Coinbase,btc_eur,9234.77,1601536611.946403,9234.77,0,9236.08,0,9127.62
Coinbase,btc_usd,10830.32,1601536611.986375,10830.32,0,10830.33,0,10695.19
Coinbase,btc_usd,10830.33,1601536612.431144,10830.32,0,10830.33,0,10695.19
Coinbase,btc_usd,10830.33,1601536612.446711,10830.32,0,10830.33,0,10695.19
Coinbase,btc_usd,10830.33,1601536613.367426,10830.32,0,10830.33,0,10695.19
Coinbase,btc_usd,10830.32,1601536613.68466,10830.32,0,10830.33,0,10695.19
Coinbase,eth_usd,363.3,1601536614.24952,363.26,0,363.3,0,354.71
Coinbase,btc_usd,10830.32,1601536615.760812,10830.32,0,10830.33,0,10695.19
Coinbase,eth_usd,363.27,1601536617.799671,363.26,0,363.27,0,354.71
Coinbase,btc_eur,9234.0,1601536618.85332,9234.0,0,9234.92,0,9127.62
Coinbase,btc_eur,9234.0,1601536618.989786,9234.0,0,9234.92,0,9127.62
Coinbase,btc_usd,10830.33,1601536619.430768,10830.32,0,10830.33,0,10695.19
Coinbase,btc_eur,9234.0,1601536620.582805,9234.0,0,9234.45,0,9127.62
Coinbase,btc_usd,10830.33,1601536623.718026,10830.32,0,10830.33,0,10695.19
Coinbase,btc_usd,10830.33,1601536625.169021,10830.32,0,10830.33,0,10695.19
Coinbase,btc_usd,10830.33,1601536625.793084,10830.32,0,10830.33,0,10695.19
Coinbase,btc_usd,10830.33,1601536626.66365,10830.32,0,10830.33,0,10695.19
Coinbase,eth_usd,363.33,1601536628.054903,363.31,0,363.33,0,354.71
Coinbase,btc_usd,10830.33,1601536628.364703,10830.32,0,10830.33,0,10695.19
Coinbase,btc_usd,10830.33,1601536629.654926,10830.32,0,10830.33,0,10695.19
Coinbase,btc_usd,10830.33,1601536630.745617,10830.32,0,10830.33,0,10695.19
Coinbase,eth_usd,363.34,1601536631.454677,363.31,0,363.34,0,354.71
Coinbase,btc_eur,9235.04,1601536631.693705,9234.0,0,9235.04,0,9127.62
Coinbase,btc_usd,10830.33,1601536634.535273,10830.32,0,10830.33,0,10695.19
Coinbase,btc_usd,10830.33,1601536635.853368,10830.32,0,10830.33,0,10695.19
Coinbase,eth_eur,309.73,1601536638.453746,309.72,0,309.8,0,302.41
Coinbase,eth_eur,309.8,1601536638.454335,309.72,0,309.8,0,302.41
Coinbase,btc_usd,10830.32,1601536639.022535,10830.32,0,10830.33,0,10695.19
Coinbase,btc_usd,10830.33,1601536642.638427,10830.32,0,10830.33,0,10695.19
Coinbase,btc_usd,10830.33,1601536642.911345,10830.32,0,10830.33,0,10695.19
Coinbase,btc_eur,9234.01,1601536643.522847,9234.01,0,9235.05,0,9127.62
Coinbase,eth_eur,309.81,1601536644.577102,309.81,0,309.86,0,302.41
Coinbase,btc_usd,10830.33,1601536645.627116,10830.32,0,10830.33,0,10695.19
Coinbase,eth_usd,363.34,1601536646.951621,363.32,0,363.34,0,354.71
Coinbase,btc_usd,10830.33,1601536649.958118,10830.32,0,10830.33,0,10695.19
Coinbase,btc_usd,10830.32,1601536653.399991,10830.32,0,10830.33,0,10695.19
Coinbase,btc_usd,10830.33,1601536654.029614,10830.32,0,10830.33,0,10695.19
Coinbase,btc_usd,10830.32,1601536655.582025,10830.32,0,10830.33,0,10695.19
Coinbase,btc_eur,9234.26,1601536656.107402,9234.0,0,9234.26,0,9127.62
Coinbase,btc_usd,10830.33,1601536658.142374,10830.32,0,10830.33,0,10695.19
Coinbase,eth_eur,309.79,1601536659.380215,309.7,0,309.79,0,302.41
Coinbase,btc_usd,10830.32,1601536659.746083,10830.32,0,10830.33,0,10695.19
Coinbase,btc_usd,10830.33,1601536659.83005,10830.32,0,10830.33,0,10695.19
Coinbase,btc_usd,10830.33,1601536659.998812,10830.32,0,10830.33,0,10695.19
Coinbase,eth_usd,363.32,1601536660.193376,363.31,0,363.32,0,354.71
Coinbase,btc_usd,10830.33,1601536660.644729,10830.32,0,10830.33,0,10695.19
Coinbase,eth_usd,363.32,1601536661.220731,363.31,0,363.32,0,354.71
Coinbase,btc_usd,10830.32,1601536661.340884,10830.32,0,10830.33,0,10695.19
Coinbase,btc_usd,10830.32,1601536663.730113,10830.32,0,10830.33,0,10695.19
Coinbase,eth_usd,363.31,1601536665.711209,363.3,0,363.31,0,354.71
Coinbase,btc_eur,9235.25,1601536666.297088,9234.07,0,9235.25,0,9127.62
Coinbase,btc_usd,10830.32,1601536667.539146,10830.32,0,10830.33,0,10695.19
Coinbase,btc_usd,10830.33,1601536668.961754,10830.32,0,10830.33,0,10695.19
Coinbase,btc_usd,10830.33,1601536670.075108,10830.32,0,10830.33,0,10695.19
Coinbase,btc_usd,10830.33,1601536670.372774,10830.32,0,10830.33,0,10695.19
Coinbase,btc_eur,9234.51,1601536670.669549,9234.51,0,9235.73,0,9127.62
Coinbase,eth_usd,363.3,1601536671.109853,363.3,0,363.31,0,354.71
Coinbase,eth_usd,363.3,1601536671.110365,363.3,0,363.31,0,354.71
Coinbase,eth_usd,363.31,1601536673.192513,363.3,0,363.31,0,354.71
Coinbase,eth_usd,363.31,1601536673.245027,363.3,0,363.31,0,354.71
Coinbase,eth_usd,363.31,1601536673.247226,363.3,0,363.31,0,354.71
Coinbase,eth_usd,363.31,1601536675.358101,363.3,0,363.31,0,354.71
Coinbase,eth_usd,363.31,1601536675.359519,363.3,0,363.31,0,354.71
Coinbase,eth_usd,363.31,1601536675.359874,363.3,0,363.31,0,354.71
Coinbase,eth_usd,363.31,1601536675.360221,363.3,0,363.31,0,354.71
Coinbase,eth_usd,363.31,1601536675.360569,363.3,0,363.33,0,354.71
Coinbase,eth_usd,363.32,1601536675.360915,363.32,0,363.33,0,354.71
Coinbase,eth_usd,363.32,1601536675.361262,363.32,0,363.33,0,354.71
Coinbase,eth_usd,363.32,1601536675.36161,363.32,0,363.33,0,354.71
Coinbase,eth_usd,363.33,1601536675.36196,363.32,0,363.33,0,354.71
Coinbase,eth_usd,363.32,1601536675.362435,363.32,0,363.33,0,354.71
Coinbase,btc_usd,10830.33,1601536675.362787,10830.32,0,10830.33,0,10695.19
Coinbase,eth_usd,363.33,1601536675.363136,363.32,0,363.33,0,354.71
Coinbase,btc_usd,10830.32,1601536676.03059,10830.32,0,10830.33,0,10695.19
Coinbase,btc_usd,10830.33,1601536678.747204,10830.32,0,10830.33,0,10695.19
Coinbase,btc_usd,10830.33,1601536681.624868,10830.32,0,10830.33,0,10695.19
Coinbase,btc_usd,10830.33,1601536682.636708,10830.32,0,10830.33,0,10695.19
Coinbase,btc_usd,10830.32,1601536683.939709,10830.32,0,10830.33,0,10695.19
Coinbase,btc_usd,10830.32,1601536683.940246,10830.32,0,10830.33,0,10695.19
Coinbase,btc_usd,10830.32,1601536683.940914,10830.32,0,10830.33,0,10695.19
Coinbase,btc_usd,10830.33,1601536685.420998,10830.32,0,10830.33,0,10695.19
Coinbase,eth_usd,363.33,1601536688.723314,363.32,0,363.33,0,354.71
Coinbase,btc_usd,10830.33,1601536689.303455,10830.32,0,10830.33,0,10695.19
Coinbase,eth_usd,363.33,1601536690.391289,363.32,0,363.33,0,354.71
Coinbase,eth_usd,363.33,1601536690.391874,363.32,0,363.33,0,354.71
Coinbase,eth_usd,363.33,1601536691.024629,363.32,0,363.33,0,354.71
Coinbase,btc_usd,10830.32,1601536691.431083,10830.32,0,10830.33,0,10695.19
Coinbase,eth_eur,309.97,1601536691.875112,309.85,0,309.97,0,302.41
Coinbase,eth_usd,363.33,1601536691.877225,363.32,0,363.33,0,354.71
Coinbase,btc_usd,10830.33,1601536691.978219,10830.32,0,10830.33,0,10695.19
Coinbase,eth_usd,363.33,1601536692.430712,363.32,0,363.33,0,354.71
Coinbase,btc_eur,9236.03,1601536694.496738,9234.37,0,9236.03,0,9127.62
Coinbase,eth_usd,363.33,1601536694.881044,363.32,0,363.33,0,354.71
Coinbase,eth_usd,363.33,1601536694.97664,363.32,0,363.33,0,354.71
Coinbase,eth_usd,363.33,1601536694.978765,363.32,0,363.33,0,354.71
Coinbase,eth_usd,363.33,1601536694.979445,363.32,0,363.33,0,354.71
Coinbase,eth_usd,363.33,1601536694.980047,363.32,0,363.33,0,354.71
Coinbase,eth_usd,363.33,1601536694.981,363.32,0,363.33,0,354.71
Coinbase,eth_usd,363.33,1601536694.981644,363.32,0,363.33,0,354.71
Coinbase,btc_eur,9234.37,1601536695.109834,9234.37,0,9236.03,0,9127.62
Coinbase,eth_usd,363.33,1601536695.138282,363.32,0,363.33,0,354.71
Coinbase,eth_usd,363.33,1601536695.35358,363.32,0,363.33,0,354.71
Coinbase,eth_usd,363.33,1601536695.354084,363.32,0,363.33,0,354.71
Coinbase,eth_usd,363.33,1601536695.356976,363.32,0,363.5,0,354.71
Coinbase,eth_usd,363.48,1601536695.544696,363.48,0,363.57,0,354.71
Coinbase,btc_eur,9234.92,1601536695.88481,9234.92,0,9236.11,0,9127.62
Coinbase,eth_usd,363.5,1601536695.904399,363.5,0,363.55,0,354.71
Coinbase,eth_usd,363.52,1601536696.160385,363.52,0,363.54,0,354.71
Coinbase,btc_eur,9234.92,1601536699.336198,9234.92,0,9236.11,0,9127.62
Coinbase,eth_usd,363.53,1601536701.132292,363.53,0,363.54,0,354.71
Coinbase,btc_usd,10830.33,1601536701.234562,10830.32,0,10830.33,0,10695.19
Coinbase,eth_usd,363.54,1601536701.46034,363.53,0,363.54,0,354.71
Coinbase,btc_eur,9234.92,1601536702.932956,9234.92,0,9236.11,0,9127.62
Coinbase,btc_usd,10830.33,1601536703.779019,10830.32,0,10830.33,0,10695.19
Coinbase,eth_usd,363.54,1601536704.814644,363.53,0,363.54,0,354.71
Coinbase,eth_usd,363.54,1601536704.815518,363.53,0,363.54,0,354.71
Coinbase,btc_usd,10830.32,1601536708.375802,10830.32,0,10830.33,0,10695.19
Coinbase,btc_usd,10830.33,1601536709.362546,10830.32,0,10830.33,0,10695.19
Coinbase,btc_eur,9234.92,1601536709.65951,9234.92,0,9236.11,0,9127.62
Coinbase,btc_usd,10830.33,1601536710.212002,10830.32,0,10830.33,0,10695.19
Coinbase,eth_usd,363.54,1601536713.792887,363.53,0,363.54,0,354.71
Coinbase,eth_usd,363.54,1601536713.794947,363.53,0,363.54,0,354.71
Coinbase,eth_usd,363.54,1601536713.795309,363.53,0,363.54,0,354.71
Coinbase,eth_usd,363.54,1601536713.795957,363.53,0,363.54,0,354.71
Coinbase,eth_usd,363.54,1601536713.798142,363.53,0,363.54,0,354.71
Coinbase,eth_usd,363.54,1601536714.030117,363.53,0,363.54,0,354.71
Coinbase,eth_usd,363.54,1601536714.078966,363.53,0,363.54,0,354.71
Coinbase,btc_usd,10830.33,1601536714.535748,10830.32,0,10830.33,0,10695.19
Coinbase,btc_usd,10830.32,1601536715.489692,10830.32,0,10830.33,0,10695.19
Coinbase,eth_usd,363.54,1601536716.631646,363.53,0,363.54,0,354.71
Coinbase,eth_usd,363.54,1601536717.092967,363.53,0,363.54,0,354.71
Coinbase,btc_usd,10830.33,1601536717.545008,10830.32,0,10830.33,0,10695.19
Coinbase,btc_eur,9234.92,1601536720.705502,9234.92,0,9236.11,0,9127.62
Coinbase,btc_usd,10830.33,1601536720.86437,10830.32,0,10830.33,0,10695.19
Coinbase,btc_usd,10830.32,1601536722.979399,10830.32,0,10830.33,0,10695.19
Coinbase,btc_usd,10830.32,1601536722.980093,10830.32,0,10830.33,0,10695.19
Coinbase,eth_usd,363.53,1601536723.66157,363.53,0,363.54,0,354.71
Coinbase,btc_usd,10830.32,1601536726.902953,10830.32,0,10830.33,0,10695.19
Coinbase,btc_usd,10830.32,1601536726.90354,10830.32,0,10830.33,0,10695.19
Coinbase,btc_eur,9234.98,1601536729.759501,9234.98,0,9236.11,0,9127.62
Coinbase,btc_eur,9234.98,1601536730.719837,9234.98,0,9236.11,0,9127.62
Coinbase,btc_usd,10830.33,1601536731.719519,10830.32,0,10830.33,0,10695.19
Coinbase,btc_usd,10830.33,1601536733.703644,10830.32,0,10830.33,0,10695.19
Coinbase,eth_usd,363.53,1601536737.269603,363.53,0,363.54,0,354.71
Coinbase,btc_usd,10830.33,1601536738.774921,10830.32,0,10830.33,0,10695.19
Coinbase,eth_usd,363.54,1601536738.996149,363.53,0,363.54,0,354.71
Coinbase,btc_usd,10830.33,1601536740.279102,10830.32,0,10830.33,0,10695.19
Coinbase,btc_usd,10830.32,1601536740.53057,10830.32,0,10830.33,0,10695.19
Coinbase,btc_usd,10830.33,1601536751.524414,10830.32,0,10830.33,0,10695.19
Coinbase,eth_usd,363.53,1601536753.003155,363.53,0,363.54,0,354.71
Coinbase,btc_eur,9235.91,1601536755.214974,9234.93,0,9235.92,0,9127.62
Coinbase,btc_eur,9235.92,1601536755.215555,9234.93,0,9235.92,0,9127.62
Coinbase,eth_usd,363.54,1601536756.141909,363.53,0,363.54,0,354.71
Coinbase,eth_usd,363.54,1601536757.663248,363.53,0,363.54,0,354.71
Coinbase,eth_usd,363.54,1601536762.249301,363.53,0,363.54,0,354.71
Coinbase,btc_usd,10830.32,1601536764.299188,10830.32,0,10830.33,0,10695.19
Coinbase,btc_usd,10830.33,1601536764.725251,10830.32,0,10830.33,0,10695.19
Coinbase,btc_usd,10830.32,1601536766.067047,10830.32,0,10830.33,0,10695.19
Coinbase,btc_usd,10830.33,1601536768.904498,10830.32,0,10830.33,0,10695.19
Coinbase,eth_usd,363.54,1601536769.077108,363.53,0,363.54,0,354.71
Coinbase,eth_usd,363.54,1601536769.077687,363.53,0,363.54,0,354.71
Coinbase,btc_usd,10830.32,1601536771.715108,10830.32,0,10830.33,0,10695.19
Coinbase,btc_eur,9236.01,1601536771.97658,9234.93,0,9236.01,0,9127.62
Coinbase,btc_usd,10830.32,1601536772.018563,10830.32,0,10830.33,0,10695.19
Coinbase,btc_usd,10830.32,1601536772.05984,10830.32,0,10830.33,0,10695.19
Coinbase,eth_usd,363.63,1601536774.638441,363.59,0,363.68,0,354.71
Coinbase,eth_usd,363.59,1601536774.639052,363.59,0,363.68,0,354.71
Coinbase,eth_usd,363.59,1601536774.639414,363.59,0,363.68,0,354.71
Coinbase,btc_usd,10830.32,1601536774.670082,10830.32,0,10830.33,0,10695.19
Coinbase,eth_usd,363.65,1601536774.946123,363.65,0,363.68,0,354.71
Coinbase,eth_usd,363.66,1601536775.611234,363.66,0,363.68,0,354.71
Coinbase,eth_usd,363.66,1601536775.820598,363.66,0,363.67,0,354.71
Coinbase,eth_usd,363.64,1601536776.116399,363.64,0,363.68,0,354.71
Coinbase,btc_usd,10830.33,1601536777.652468,10830.32,0,10830.33,0,10695.19
Coinbase,btc_eur,9236.01,1601536780.772725,9234.93,0,9236.01,0,9127.62
Coinbase,btc_usd,10830.32,1601536783.087186,10830.32,0,10830.33,0,10695.19
Coinbase,btc_usd,10830.32,1601536783.088105,10830.32,0,10830.33,0,10695.19
Coinbase,btc_usd,10830.32,1601536783.090281,10830.32,0,10830.33,0,10695.19
Coinbase,btc_usd,10830.32,1601536783.09066,10830.32,0,10830.33,0,10695.19
Coinbase,btc_usd,10830.32,1601536783.092528,10830.32,0,10830.33,0,10695.19
Coinbase,btc_usd,10830.33,1601536783.585653,10830.32,0,10830.33,0,10695.19
Coinbase,btc_usd,10830.33,1601536784.537637,10830.32,0,10830.33,0,10695.19
Coinbase,btc_usd,10830.33,1601536786.546611,10830.32,0,10830.33,0,10695.19
Coinbase,btc_usd,10830.33,1601536790.37408,10830.32,0,10830.33,0,10695.19
Coinbase,eth_usd,363.62,1601536792.805698,363.62,0,363.63,0,354.71
Coinbase,btc_usd,10830.32,1601536794.0303,10830.32,0,10830.33,0,10695.19
Coinbase,btc_usd,10830.33,1601536796.270665,10830.32,0,10830.33,0,10695.19
Coinbase,btc_eur,9235.34,1601536799.239952,9234.26,0,9235.34,0,9127.62
Coinbase,btc_eur,9235.3,1601536800.557094,9234.26,0,9235.3,0,9127.62
Coinbase,btc_eur,9234.26,1601536800.794168,9234.16,0,9235.3,0,9127.62
Coinbase,btc_eur,9234.16,1601536800.794748,9234.16,0,9235.3,0,9127.62
Coinbase,btc_eur,9234.16,1601536801.864226,9234.16,0,9235.26,0,9127.62
Coinbase,eth_eur,309.97,1601536802.123757,309.97,0,310.0,0,302.41
Coinbase,btc_usd,10830.32,1601536804.398842,10830.32,0,10830.33,0,10695.19
Coinbase,btc_usd,10830.32,1601536806.21624,10830.32,0,10830.33,0,10695.19
Coinbase,btc_usd,10830.33,1601536808.177686,10830.32,0,10830.33,0,10695.19
Coinbase,btc_usd,10830.33,1601536810.980651,10830.32,0,10830.33,0,10695.19
Coinbase,eth_usd,363.63,1601536811.807014,363.62,0,363.63,0,354.71
Coinbase,eth_usd,363.63,1601536812.003295,363.62,0,363.63,0,354.71
Coinbase,btc_usd,10830.33,1601536812.207951,10830.32,0,10830.33,0,10695.19
Coinbase,btc_eur,9234.66,1601536816.033213,9234.01,0,9234.66,0,9127.62
Coinbase,btc_eur,9234.6,1601536818.140087,9234.01,0,9234.61,0,9127.62
Coinbase,btc_eur,9234.61,1601536818.140672,9234.01,0,9235.17,0,9127.62
Coinbase,btc_eur,9235.17,1601536818.141028,9234.01,0,9235.29,0,9127.62
Coinbase,btc_eur,9235.29,1601536818.141383,9234.01,0,9235.29,0,9127.62
Coinbase,btc_eur,9234.02,1601536820.464918,9234.02,0,9235.26,0,9127.62
Coinbase,btc_usd,10830.32,1601536820.811254,10830.32,0,10830.33,0,10695.19
Coinbase,btc_eur,9235.25,1601536821.039636,9234.02,0,9235.25,0,9127.62
Coinbase,eth_eur,309.96,1601536821.185839,309.96,0,310.0,0,302.41
Coinbase,eth_usd,363.62,1601536821.504275,363.62,0,363.63,0,354.71
Coinbase,btc_usd,10830.33,1601536822.202814,10830.32,0,10830.33,0,10695.19
Coinbase,eth_usd,363.63,1601536824.38145,363.62,0,363.63,0,354.71
Coinbase,eth_eur,309.99,1601536827.721829,309.94,0,309.99,0,302.41
Coinbase,btc_usd,10830.33,1601536831.897864,10830.32,0,10830.33,0,10695.19
Coinbase,btc_eur,9234.0,1601536833.266814,9234.0,0,9234.99,0,9127.62
Coinbase,btc_usd,10830.33,1601536834.547027,10830.32,0,10830.33,0,10695.19
Coinbase,btc_usd,10830.33,1601536835.055289,10830.32,0,10830.33,0,10695.19
Coinbase,btc_usd,10830.33,1601536835.48907,10830.32,0,10830.33,0,10695.19
Coinbase,btc_usd,10830.33,1601536836.194759,10830.32,0,10830.33,0,10695.19
Coinbase,eth_usd,363.63,1601536838.001059,363.62,0,363.63,0,354.71
Coinbase,eth_usd,363.63,1601536838.937833,363.62,0,363.63,0,354.71
Coinbase,btc_usd,10830.33,1601536839.209267,10830.32,0,10830.33,0,10695.19
Coinbase,btc_usd,10830.33,1601536839.572871,10830.32,0,10830.33,0,10695.19
Coinbase,btc_eur,9234.45,1601536843.27367,9234.0,0,9234.45,0,9127.62
Coinbase,btc_usd,10830.33,1601536843.978416,10830.32,0,10830.33,0,10695.19
Coinbase,btc_usd,10830.32,1601536850.942271,10830.32,0,10830.33,0,10695.19
Coinbase,eth_eur,309.96,1601536851.527834,309.96,0,310.0,0,302.41
Coinbase,eth_usd,363.62,1601536851.87613,363.62,0,363.63,0,354.71
Coinbase,btc_usd,10830.33,1601536852.568589,10830.32,0,10830.33,0,10695.19
Coinbase,btc_usd,10830.32,1601536853.58632,10830.32,0,10830.33,0,10695.19
Coinbase,btc_usd,10830.32,1601536853.587206,10830.32,0,10830.33,0,10695.19
Coinbase,btc_usd,10830.33,1601536857.402483,10830.32,0,10830.33,0,10695.19
Coinbase,btc_eur,9234.0,1601536857.512838,9234.0,0,9234.45,0,9127.62
Coinbase,btc_eur,9234.0,1601536859.016701,9234.0,0,9234.43,0,9127.62
Coinbase,eth_usd,363.69,1601536860.966765,363.68,0,363.69,0,354.71
Coinbase,btc_eur,9234.0,1601536862.077066,9234.0,0,9234.43,0,9127.62
Coinbase,btc_usd,10830.32,1601536862.289947,10830.32,0,10830.33,0,10695.19
Coinbase,btc_usd,10830.33,1601536866.439997,10830.32,0,10830.33,0,10695.19
Coinbase,btc_usd,10830.33,1601536867.770562,10830.32,0,10830.33,0,10695.19
Coinbase,eth_usd,363.69,1601536869.30611,363.68,0,363.69,0,354.71
Coinbase,btc_eur,9234.4,1601536869.505658,9234.0,0,9234.4,0,9127.62
Coinbase,btc_usd,10830.33,1601536869.508643,10830.32,0,10830.33,0,10695.19
Coinbase,btc_usd,10830.33,1601536870.440338,10830.32,0,10830.33,0,10695.19
Coinbase,btc_usd,10830.32,1601536870.864944,10830.32,0,10830.33,0,10695.19
Coinbase,btc_eur,9234.0,1601536872.431669,9234.0,0,9234.41,0,9127.62
Coinbase,btc_usd,10830.33,1601536873.714971,10830.32,0,10830.33,0,10695.19
Coinbase,btc_usd,10830.33,1601536874.535532,10830.32,0,10830.33,0,10695.19
Coinbase,eth_usd,363.69,1601536877.13849,363.68,0,363.69,0,354.71
Coinbase,btc_usd,10830.32,1601536878.597029,10830.32,0,10830.33,0,10695.19
Coinbase,btc_usd,10830.33,1601536879.286107,10830.32,0,10830.33,0,10695.19
Coinbase,btc_usd,10830.33,1601536880.920809,10830.32,0,10830.33,0,10695.19
Coinbase,btc_usd,10830.33,1601536881.083875,10830.32,0,10830.33,0,10695.19
Coinbase,btc_usd,10830.33,1601536883.062671,10830.32,0,10830.33,0,10695.19
Coinbase,btc_usd,10830.33,1601536883.377357,10830.32,0,10830.33,0,10695.19
Coinbase,eth_usd,363.68,1601536884.712066,363.68,0,363.69,0,354.71
Coinbase,btc_eur,9234.41,1601536885.453465,9234.0,0,9234.41,0,9127.62
Coinbase,btc_usd,10830.33,1601536887.222647,10830.32,0,10830.33,0,10695.19
Coinbase,btc_usd,10830.32,1601536887.254387,10830.32,0,10830.33,0,10695.19
Coinbase,eth_usd,363.69,1601536894.131868,363.68,0,363.69,0,354.71
Coinbase,btc_usd,10830.33,1601536898.667766,10830.32,0,10830.33,0,10695.19
Coinbase,btc_eur,9234.97,1601536899.885558,9234.0,0,9234.97,0,9127.62
Coinbase,btc_usd,10830.32,1601536900.468815,10830.32,0,10830.33,0,10695.19
Coinbase,btc_eur,9234.0,1601536900.872342,9234.0,0,9234.98,0,9127.62
Coinbase,btc_eur,9234.98,1601536902.661256,9234.0,0,9234.98,0,9127.62
Coinbase,eth_eur,309.97,1601536903.815762,309.97,0,309.98,0,302.41
Coinbase,eth_eur,309.97,1601536903.816354,309.97,0,309.98,0,302.41
Coinbase,btc_usd,10830.33,1601536904.568607,10830.32,0,10830.33,0,10695.19
Coinbase,btc_usd,10830.32,1601536909.043359,10830.32,0,10830.33,0,10695.19
Coinbase,btc_usd,10830.32,1601536909.044328,10830.32,0,10830.33,0,10695.19
Coinbase,btc_usd,10830.32,1601536910.739391,10830.32,0,10830.33,0,10695.19
Coinbase,btc_usd,10830.32,1601536910.740191,10830.32,0,10830.33,0,10695.19
Coinbase,btc_usd,10830.32,1601536910.741215,10830.32,0,10830.33,0,10695.19
Coinbase,btc_usd,10830.33,1601536912.324833,10830.32,0,10830.33,0,10695.19
Coinbase,btc_eur,9234.0,1601536912.703512,9234.0,0,9234.96,0,9127.62
Coinbase,btc_eur,9234.0,1601536912.704656,9233.76,0,9234.96,0,9127.62
Coinbase,btc_eur,9233.76,1601536912.705192,9233.45,0,9234.96,0,9127.62
Coinbase,btc_eur,9233.45,1601536912.706289,9232.71,0,9234.96,0,9127.62
Coinbase,btc_eur,9232.71,1601536912.706798,9232.71,0,9234.96,0,9127.62
Coinbase,eth_usd,363.69,1601536913.737446,363.68,0,363.69,0,354.71
Coinbase,btc_usd,10830.33,1601536914.366654,10830.32,0,10830.33,0,10695.19
Coinbase,btc_usd,10830.33,1601536914.367762,10830.32,0,10830.33,0,10695.19
Coinbase,eth_usd,363.69,1601536914.879981,363.68,0,363.69,0,354.71
Coinbase,eth_usd,363.69,1601536915.616147,363.68,0,363.69,0,354.71
Coinbase,btc_usd,10830.32,1601536918.91811,10830.32,0,10830.33,0,10695.19
Coinbase,btc_usd,10830.32,1601536918.918733,10830.32,0,10830.33,0,10695.19
Coinbase,btc_usd,10830.32,1601536918.919089,10830.32,0,10830.33,0,10695.19
Coinbase,btc_usd,10830.33,1601536918.919442,10830.32,0,10830.33,0,10695.19
Coinbase,btc_usd,10830.33,1601536918.965198,10830.32,0,10830.33,0,10695.19
Coinbase,btc_usd,10830.33,1601536918.966107,10830.32,0,10830.33,0,10695.19
Coinbase,btc_usd,10830.33,1601536920.551153,10830.32,0,10830.33,0,10695.19
Coinbase,btc_usd,10830.32,1601536920.595316,10830.32,0,10830.33,0,10695.19
Coinbase,eth_usd,363.68,1601536921.053986,363.68,0,363.69,0,354.71
Coinbase,btc_eur,9234.74,1601536926.448817,9232.71,0,9234.74,0,9127.62
Coinbase,btc_usd,10830.33,1601536927.246715,10830.32,0,10830.33,0,10695.19
Coinbase,btc_usd,10830.33,1601536930.231781,10830.32,0,10830.33,0,10695.19
Coinbase,eth_usd,363.69,1601536931.380839,363.68,0,363.69,0,354.71
Coinbase,eth_usd,363.68,1601536932.826855,363.68,0,363.69,0,354.71
Coinbase,btc_usd,10830.33,1601536933.54772,10830.32,0,10830.33,0,10695.19
Coinbase,btc_usd,10830.33,1601536933.548309,10830.32,0,10830.33,0,10695.19
Coinbase,eth_usd,363.69,1601536933.595201,363.68,0,363.69,0,354.71
Coinbase,btc_usd,10830.33,1601536935.095402,10830.32,0,10830.33,0,10695.19
Coinbase,btc_usd,10830.32,1601536937.634243,10830.32,0,10830.33,0,10695.19
Coinbase,btc_usd,10830.33,1601536941.374588,10830.32,0,10830.33,0,10695.19
Coinbase,btc_usd,10830.33,1601536941.408487,10830.32,0,10830.33,0,10695.19
Coinbase,eth_usd,363.69,1601536943.253162,363.68,0,363.69,0,354.71
Coinbase,btc_usd,10830.33,1601536943.817469,10830.32,0,10830.33,0,10695.19
Coinbase,eth_usd,363.68,1601536944.792292,363.68,0,363.69,0,354.71
Coinbase,eth_usd,363.68,1601536944.792869,363.68,0,363.69,0,354.71
Coinbase,eth_usd,363.68,1601536944.813652,363.68,0,363.69,0,354.71
Coinbase,eth_usd,363.68,1601536944.81409,363.68,0,363.69,0,354.71
Coinbase,btc_eur,9231.33,1601536947.878269,9231.33,0,9233.34,0,9127.62
Coinbase,btc_usd,10830.33,1601536949.259716,10830.32,0,10830.33,0,10695.19
Coinbase,btc_eur,9233.15,1601536950.755701,9231.32,0,9233.15,0,9127.62
Coinbase,btc_usd,10830.33,1601536954.634314,10830.32,0,10830.33,0,10695.19
Coinbase,btc_eur,9233.11,1601536954.679316,9231.33,0,9233.11,0,9127.62
Coinbase,eth_usd,363.68,1601536955.599985,363.68,0,363.69,0,354.71
Coinbase,eth_usd,363.68,1601536955.722496,363.68,0,363.69,0,354.71
Coinbase,eth_usd,363.68,1601536955.722986,363.68,0,363.69,0,354.71
Coinbase,eth_usd,363.68,1601536955.725443,363.68,0,363.69,0,354.71
Coinbase,eth_usd,363.68,1601536955.742458,363.68,0,363.69,0,354.71
Coinbase,eth_usd,363.68,1601536955.742977,363.68,0,363.69,0,354.71
Coinbase,eth_usd,363.68,1601536955.743337,363.68,0,363.69,0,354.71
Coinbase,eth_usd,363.6,1601536957.163792,363.6,0,363.61,0,354.71
Coinbase,eth_usd,363.6,1601536957.164346,363.44,0,363.61,0,354.71
Coinbase,eth_usd,363.44,1601536957.164702,363.44,0,363.61,0,354.71
Coinbase,eth_usd,363.44,1601536957.17013,363.41,0,363.61,0,354.71
Coinbase,eth_usd,363.41,1601536957.17065,363.39,0,363.61,0,354.71
Coinbase,eth_usd,363.39,1601536957.171003,363.39,0,363.61,0,354.71
Coinbase,eth_usd,363.47,1601536957.677697,363.45,0,363.48,0,354.71
Coinbase,eth_usd,363.45,1601536957.678746,363.45,0,363.48,0,354.71
Coinbase,eth_usd,363.45,1601536957.679542,363.45,0,363.48,0,354.71
Coinbase,eth_usd,363.46,1601536958.735957,363.45,0,363.46,0,354.71
Coinbase,btc_eur,9231.01,1601536960.911502,9231.01,0,9232.39,0,9127.62
Coinbase,eth_eur,309.94,1601536961.682872,309.9,0,309.95,0,302.41
Coinbase,eth_eur,309.9,1601536961.683752,309.79,0,309.95,0,302.41
Coinbase,eth_eur,309.79,1601536961.684117,309.79,0,309.95,0,302.41
Coinbase,btc_usd,10830.33,1601536965.463077,10830.32,0,10830.33,0,10695.19
Coinbase,btc_eur,9232.34,1601536965.685202,9231.01,0,9232.34,0,9127.62
Coinbase,btc_eur,9232.34,1601536965.918834,9231.01,0,9232.34,0,9127.62
Coinbase,btc_usd,10830.32,1601536966.74741,10830.32,0,10830.33,0,10695.19
Coinbase,btc_eur,9232.38,1601536968.265133,9231.01,0,9232.38,0,9127.62
Coinbase,eth_usd,363.46,1601536969.00103,363.45,0,363.46,0,354.71
Coinbase,eth_usd,363.46,1601536971.50484,363.45,0,363.46,0,354.71
Coinbase,btc_eur,9232.36,1601536971.886461,9231.01,0,9232.36,0,9127.62
Coinbase,btc_usd,10830.33,1601536972.087363,10830.32,0,10830.33,0,10695.19
Coinbase,btc_usd,10830.32,1601536974.550227,10830.32,0,10830.33,0,10695.19
Coinbase,btc_eur,9231.8,1601536977.252538,9231.01,0,9231.8,0,9127.62
Coinbase,btc_usd,10830.33,1601536978.460955,10830.32,0,10830.33,0,10695.19
Coinbase,btc_usd,10830.32,1601536981.677206,10830.32,0,10830.33,0,10695.19
Coinbase,btc_usd,10830.33,1601536983.81071,10830.32,0,10830.33,0,10695.19
Coinbase,btc_eur,9232.65,1601536985.991747,9231.01,0,9232.65,0,9127.62
Coinbase,eth_eur,309.97,1601536989.22289,309.84,0,309.97,0,302.41
Coinbase,btc_usd,10830.32,1601536989.717862,10830.32,0,10830.33,0,10695.19
Coinbase,btc_eur,9232.5,1601536993.478156,9231.22,0,9232.5,0,9127.62
Coinbase,btc_usd,10830.33,1601536994.418528,10830.32,0,10830.33,0,10695.19
Coinbase,btc_usd,10830.33,1601536995.097121,10830.32,0,10830.33,0,10695.19
Coinbase,eth_usd,363.46,1601536995.33007,363.45,0,363.46,0,354.71
Coinbase,btc_usd,10830.33,1601536995.376154,10830.32,0,10830.33,0,10695.19
Coinbase,btc_usd,10830.33,1601536995.969262,10830.32,0,10830.33,0,10695.19
Coinbase,eth_usd,363.46,1601536996.033285,363.45,0,363.46,0,354.71
Coinbase,btc_usd,10830.33,1601536996.312419,10830.32,0,10830.33,0,10695.19
Coinbase,btc_usd,10830.33,1601537000.137599,10830.32,0,10830.33,0,10695.19
Coinbase,btc_usd,10830.33,1601537000.138031,10830.32,0,10830.33,0,10695.19
Coinbase,btc_usd,10830.33,1601537000.138387,10830.32,0,10830.33,0,10695.19
Coinbase,btc_usd,10830.33,1601537000.138754,10830.32,0,10830.33,0,10695.19
Coinbase,eth_usd,363.46,1601537000.139106,363.45,0,363.46,0,354.71
Coinbase,btc_usd,10830.33,1601537000.139461,10830.32,0,10830.33,0,10695.19
Coinbase,eth_usd,363.46,1601537000.30049,363.45,0,363.46,0,354.71
Coinbase,eth_usd,363.46,1601537000.461883,363.45,0,363.46,0,354.71
Coinbase,eth_usd,363.46,1601537002.050543,363.45,0,363.46,0,354.71
Coinbase,eth_eur,309.78,1601537003.36698,309.78,0,309.89,0,302.41
Coinbase,eth_usd,363.46,1601537003.737137,363.45,0,363.46,0,354.71
Coinbase,btc_usd,10830.33,1601537003.788712,10830.32,0,10830.33,0,10695.19
Coinbase,eth_usd,363.45,1601537004.31816,363.45,0,363.46,0,354.71
Coinbase,eth_usd,363.45,1601537004.318758,363.45,0,363.46,0,354.71
Coinbase,eth_usd,363.45,1601537004.319121,363.45,0,363.46,0,354.71
Coinbase,btc_usd,10830.33,1601537004.344846,10830.32,0,10830.33,0,10695.19
Coinbase,eth_usd,363.45,1601537004.430773,363.45,0,363.46,0,354.71
Coinbase,btc_eur,9231.39,1601537005.390308,9231.01,0,9231.39,0,9127.62
Coinbase,btc_usd,10830.33,1601537005.403294,10830.32,0,10830.33,0,10695.19
Coinbase,btc_usd,10830.32,1601537006.018296,10830.3,0,10830.33,0,10695.19
Coinbase,btc_usd,10830.3,1601537006.019949,10830.21,0,10830.33,0,10695.19
Coinbase,btc_usd,10830.21,1601537006.020592,10830.15,0,10830.33,0,10695.19
Coinbase,btc_usd,10830.15,1601537006.021403,10830.02,0,10830.33,0,10695.19
Coinbase,btc_usd,10830.02,1601537006.022189,10829.73,0,10830.33,0,10695.19
Coinbase,btc_usd,10829.73,1601537006.022555,10829.4,0,10830.33,0,10695.19
Coinbase,btc_usd,10829.4,1601537006.14716,10829.24,0,10829.41,0,10695.19
Coinbase,btc_usd,10829.24,1601537006.174418,10828.7,0,10829.25,0,10695.19
Coinbase,btc_usd,10828.7,1601537006.203576,10827.4,0,10828.71,0,10695.19
Coinbase,btc_eur,9231.01,1601537006.206976,9231.0,0,9231.36,0,9127.62
Coinbase,btc_usd,10828.14,1601537006.213679,10827.41,0,10828.71,0,10695.19
Coinbase,btc_eur,9231.0,1601537006.245389,9231.0,0,9231.36,0,9127.62
Coinbase,btc_eur,9231.36,1601537006.261921,9231.0,0,9231.36,0,9127.62
Coinbase,btc_usd,10827.4,1601537006.262801,10827.16,0,10828.15,0,10695.19
Coinbase,btc_eur,9231.0,1601537006.294084,9230.53,0,9231.35,0,9127.62
Coinbase,btc_eur,9230.53,1601537006.296646,9230.53,0,9231.35,0,9127.62
Coinbase,eth_usd,363.46,1601537006.297022,363.45,0,363.46,0,354.71
Coinbase,btc_usd,10827.16,1601537006.355636,10826.29,0,10827.17,0,10695.19
Coinbase,btc_eur,9230.0,1601537006.373165,9229.68,0,9231.33,0,9127.62
Coinbase,eth_usd,363.45,1601537006.431623,363.45,0,363.46,0,354.71
Coinbase,eth_usd,363.45,1601537006.432245,363.45,0,363.46,0,354.71
Coinbase,eth_usd,363.45,1601537006.432602,363.39,0,363.46,0,354.71
Coinbase,eth_usd,363.39,1601537006.438892,363.39,0,363.46,0,354.71
Coinbase,btc_usd,10826.3,1601537006.493439,10826.29,0,10826.3,0,10695.19
Coinbase,eth_usd,363.39,1601537006.653856,363.39,0,363.4,0,354.71
Coinbase,btc_usd,10826.3,1601537006.695891,10826.29,0,10826.3,0,10695.19
Coinbase,eth_usd,363.39,1601537006.696994,363.39,0,363.4,0,354.71
Coinbase,eth_usd,363.4,1601537006.85118,363.39,0,363.4,0,354.71
Coinbase,btc_usd,10826.3,1601537006.912328,10826.29,0,10826.3,0,10695.19
Coinbase,eth_usd,363.4,1601537007.103134,363.39,0,363.4,0,354.71
Coinbase,eth_usd,363.4,1601537007.103721,363.39,0,363.4,0,354.71
Coinbase,eth_usd,363.4,1601537007.104085,363.39,0,363.4,0,354.71
Coinbase,btc_usd,10826.3,1601537007.451651,10826.29,0,10826.3,0,10695.19
Coinbase,btc_usd,10826.3,1601537007.743893,10826.29,0,10826.3,0,10695.19
Coinbase,btc_usd,10825.34,1601537007.929539,10825.33,0,10825.34,0,10695.19
Coinbase,eth_usd,363.4,1601537007.957427,363.39,0,363.4,0,354.71
Coinbase,eth_usd,363.4,1601537009.421198,363.39,0,363.4,0,354.71
Coinbase,eth_usd,363.39,1601537009.824767,363.39,0,363.4,0,354.71
Coinbase,eth_usd,363.4,1601537009.951904,363.39,0,363.4,0,354.71
Coinbase,eth_usd,363.4,1601537010.417646,363.39,0,363.4,0,354.71
Coinbase,eth_usd,363.39,1601537010.447047,363.39,0,363.4,0,354.71
Coinbase,btc_usd,10825.34,1601537010.574163,10825.33,0,10825.34,0,10695.19
Coinbase,btc_usd,10825.34,1601537010.93827,10825.33,0,10825.34,0,10695.19
Coinbase,btc_usd,10825.34,1601537011.596876,10825.33,0,10825.34,0,10695.19
Coinbase,eth_usd,363.4,1601537012.417137,363.39,0,363.4,0,354.71
Coinbase,eth_usd,363.4,1601537013.452569,363.39,0,363.4,0,354.71
Coinbase,eth_usd,363.4,1601537013.480015,363.39,0,363.4,0,354.71
Coinbase,btc_usd,10825.34,1601537013.489886,10825.33,0,10825.34,0,10695.19
Coinbase,btc_usd,10825.34,1601537014.056855,10825.33,0,10825.34,0,10695.19
Coinbase,eth_usd,363.4,1601537014.328202,363.39,0,363.4,0,354.71
Coinbase,eth_usd,363.4,1601537014.32876,363.39,0,363.4,0,354.71
Coinbase,eth_usd,363.4,1601537014.565019,363.39,0,363.4,0,354.71
Coinbase,btc_usd,10825.34,1601537014.691747,10825.33,0,10825.34,0,10695.19
Coinbase,eth_usd,363.4,1601537016.269143,363.39,0,363.4,0,354.71
Coinbase,eth_usd,363.4,1601537016.269645,363.39,0,363.4,0,354.71
Coinbase,eth_usd,363.4,1601537016.269996,363.39,0,363.4,0,354.71
Coinbase,eth_eur,309.75,1601537016.278942,309.67,0,309.75,0,302.41
Coinbase,btc_eur,9227.24,1601537016.745526,9225.74,0,9227.24,0,9127.62
Coinbase,eth_usd,363.4,1601537017.439276,363.39,0,363.4,0,354.71
Coinbase,eth_usd,363.4,1601537017.440035,363.39,0,363.4,0,354.71
Coinbase,btc_usd,10825.34,1601537019.308814,10825.33,0,10825.34,0,10695.19
Coinbase,eth_eur,309.73,1601537019.4725,309.69,0,309.73,0,302.41
Coinbase,btc_usd,10825.34,1601537019.608784,10825.33,0,10825.34,0,10695.19
Coinbase,btc_usd,10825.34,1601537020.035086,10825.33,0,10825.34,0,10695.19
Coinbase,eth_usd,363.4,1601537020.286147,363.39,0,363.4,0,354.71
Coinbase,btc_usd,10825.34,1601537020.300934,10825.33,0,10825.34,0,10695.19
Coinbase,btc_usd,10825.34,1601537020.496133,10825.33,0,10825.34,0,10695.19
Coinbase,btc_usd,10825.34,1601537020.506556,10825.33,0,10825.34,0,10695.19
Coinbase,btc_usd,10825.34,1601537020.734473,10825.33,0,10825.34,0,10695.19
Coinbase,btc_usd,10825.34,1601537021.00003,10825.33,0,10825.34,0,10695.19
Coinbase,btc_usd,10825.34,1601537021.403462,10825.33,0,10825.34,0,10695.19
Coinbase,btc_usd,10825.34,1601537021.514507,10825.33,0,10825.34,0,10695.19
Coinbase,btc_usd,10825.34,1601537021.767954,10825.33,0,10825.34,0,10695.19
Coinbase,btc_usd,10825.34,1601537021.887673,10825.33,0,10825.34,0,10695.19
Coinbase,eth_usd,363.4,1601537021.918777,363.39,0,363.4,0,354.71
Coinbase,eth_usd,363.4,1601537022.271082,363.39,0,363.4,0,354.71
Coinbase,btc_usd,10825.34,1601537022.726136,10825.33,0,10825.34,0,10695.19
Coinbase,btc_usd,10825.34,1601537022.845151,10825.33,0,10825.34,0,10695.19
Coinbase,btc_usd,10825.34,1601537023.351325,10825.33,0,10825.34,0,10695.19
Coinbase,eth_usd,363.4,1601537023.642276,363.39,0,363.4,0,354.71
Coinbase,btc_usd,10825.34,1601537024.331038,10825.33,0,10825.34,0,10695.19
Coinbase,eth_usd,363.4,1601537024.752228,363.39,0,363.4,0,354.71
Coinbase,btc_usd,10825.34,1601537026.232575,10825.33,0,10825.34,0,10695.19
Coinbase,btc_usd,10825.34,1601537026.486141,10825.33,0,10825.34,0,10695.19
Coinbase,eth_usd,363.4,1601537028.0868,363.39,0,363.4,0,354.71
Coinbase,btc_usd,10825.34,1601537028.339019,10825.33,0,10825.34,0,10695.19
Coinbase,eth_usd,363.39,1601537028.668715,363.39,0,363.4,0,354.71
Coinbase,eth_usd,363.4,1601537028.686593,363.39,0,363.4,0,354.71
Coinbase,btc_usd,10825.34,1601537029.44453,10825.33,0,10825.34,0,10695.19
Coinbase,btc_eur,9226.99,1601537029.592539,9226.99,0,9228.36,0,9127.62
Coinbase,eth_usd,363.4,1601537029.610314,363.39,0,363.4,0,354.71
Coinbase,btc_usd,10825.34,1601537029.691688,10825.33,0,10825.34,0,10695.19
Coinbase,btc_usd,10825.34,1601537029.868049,10825.33,0,10825.34,0,10695.19
Coinbase,eth_usd,363.4,1601537029.906459,363.39,0,363.4,0,354.71
Coinbase,eth_usd,363.4,1601537029.907056,363.39,0,363.4,0,354.71
Coinbase,eth_usd,363.4,1601537029.90759,363.39,0,363.4,0,354.71
Coinbase,eth_usd,363.4,1601537029.908771,363.39,0,363.4,0,354.71
Coinbase,eth_usd,363.4,1601537029.909146,363.39,0,363.44,0,354.71
Coinbase,btc_usd,10825.34,1601537030.162086,10825.33,0,10825.34,0,10695.19
Coinbase,eth_usd,363.5,1601537030.228842,363.5,0,363.51,0,354.71
Coinbase,eth_usd,363.5,1601537030.239478,363.5,0,363.51,0,354.71
Coinbase,btc_usd,10825.34,1601537030.397619,10825.33,0,10825.34,0,10695.19
Coinbase,btc_usd,10825.34,1601537030.398289,10825.33,0,10825.34,0,10695.19
Coinbase,eth_usd,363.5,1601537030.419227,363.5,0,363.51,0,354.71
Coinbase,btc_usd,10825.34,1601537030.61293,10825.33,0,10825.34,0,10695.19
Coinbase,eth_usd,363.51,1601537030.898538,363.5,0,363.51,0,354.71
Coinbase,btc_usd,10825.34,1601537030.901487,10825.33,0,10825.34,0,10695.19
Coinbase,btc_usd,10825.34,1601537030.912974,10825.33,0,10825.34,0,10695.19
Coinbase,btc_usd,10825.34,1601537031.079678,10825.33,0,10825.34,0,10695.19
Coinbase,eth_usd,363.5,1601537031.080263,363.5,0,363.51,0,354.71
Coinbase,eth_usd,363.5,1601537031.325438,363.5,0,363.51,0,354.71
Coinbase,eth_usd,363.51,1601537031.34445,363.5,0,363.51,0,354.71
Coinbase,eth_usd,363.51,1601537031.354442,363.5,0,363.51,0,354.71
Coinbase,btc_usd,10825.34,1601537031.368151,10825.33,0,10825.34,0,10695.19
Coinbase,btc_usd,10825.34,1601537031.437293,10825.33,0,10825.34,0,10695.19
Coinbase,eth_usd,363.5,1601537031.724167,363.5,0,363.51,0,354.71
Coinbase,eth_usd,363.5,1601537031.724758,363.5,0,363.51,0,354.71
Coinbase,btc_usd,10825.34,1601537031.842649,10825.33,0,10825.34,0,10695.19
Coinbase,eth_usd,363.51,1601537031.912511,363.5,0,363.51,0,354.71
Coinbase,eth_usd,363.51,1601537032.083851,363.5,0,363.51,0,354.71
Coinbase,btc_usd,10825.34,1601537032.205337,10825.33,0,10825.34,0,10695.19
Coinbase,eth_usd,363.51,1601537032.21874,363.5,0,363.51,0,354.71
Coinbase,eth_usd,363.5,1601537032.286803,363.5,0,363.51,0,354.71
Coinbase,eth_usd,363.51,1601537032.329864,363.5,0,363.51,0,354.71
Coinbase,eth_usd,363.5,1601537032.491082,363.5,0,363.51,0,354.71
Coinbase,btc_usd,10825.34,1601537032.491708,10825.33,0,10825.34,0,10695.19
Coinbase,eth_usd,363.51,1601537032.580753,363.5,0,363.51,0,354.71
Coinbase,btc_usd,10825.34,1601537032.599535,10825.33,0,10825.34,0,10695.19
Coinbase,eth_usd,363.5,1601537032.784309,363.5,0,363.51,0,354.71
Coinbase,btc_usd,10825.34,1601537033.357051,10825.33,0,10825.34,0,10695.19
Coinbase,eth_usd,363.5,1601537033.366685,363.5,0,363.51,0,354.71
Coinbase,btc_usd,10825.34,1601537033.635367,10825.33,0,10825.34,0,10695.19
Coinbase,btc_usd,10825.34,1601537033.746095,10825.33,0,10825.34,0,10695.19
Coinbase,btc_usd,10825.34,1601537034.063182,10825.33,0,10825.34,0,10695.19
Coinbase,btc_usd,10825.34,1601537034.698821,10825.33,0,10825.34,0,10695.19
Coinbase,btc_usd,10825.34,1601537034.877093,10825.33,0,10825.34,0,10695.19
Coinbase,btc_usd,10825.34,1601537035.021531,10825.33,0,10825.34,0,10695.19
Coinbase,btc_usd,10825.34,1601537035.085878,10825.33,0,10825.34,0,10695.19
Coinbase,btc_usd,10825.34,1601537035.284344,10825.33,0,10825.34,0,10695.19
Coinbase,btc_usd,10825.34,1601537035.371309,10825.33,0,10825.34,0,10695.19
Coinbase,btc_usd,10825.34,1601537036.079484,10825.33,0,10825.34,0,10695.19
Coinbase,eth_eur,309.91,1601537036.633541,309.76,0,309.91,0,302.41
Coinbase,btc_usd,10825.34,1601537037.36477,10825.33,0,10825.34,0,10695.19
Coinbase,btc_usd,10825.34,1601537039.597519,10825.33,0,10825.34,0,10695.19
Coinbase,btc_usd,10825.33,1601537039.842323,10825.33,0,10825.34,0,10695.19
Coinbase,btc_usd,10825.33,1601537039.84394,10825.33,0,10825.34,0,10695.19
Coinbase,btc_usd,10825.34,1601537040.150111,10825.33,0,10825.34,0,10695.19
Coinbase,btc_usd,10825.34,1601537040.394074,10825.33,0,10825.34,0,10695.19
Coinbase,eth_usd,363.51,1601537040.401895,363.5,0,363.51,0,354.71
Coinbase,btc_usd,10825.34,1601537040.615975,10825.33,0,10825.34,0,10695.19
Coinbase,btc_usd,10825.34,1601537040.637169,10825.33,0,10825.34,0,10695.19
Coinbase,eth_usd,363.51,1601537040.65266,363.5,0,363.51,0,354.71
Coinbase,eth_usd,363.51,1601537040.882282,363.5,0,363.51,0,354.71
Coinbase,btc_usd,10825.34,1601537040.906954,10825.33,0,10825.34,0,10695.19
Coinbase,btc_usd,10825.34,1601537041.148304,10825.33,0,10825.34,0,10695.19
Coinbase,btc_usd,10825.34,1601537041.635875,10825.33,0,10825.34,0,10695.19
Coinbase,btc_usd,10825.34,1601537041.671068,10825.33,0,10825.34,0,10695.19
Coinbase,btc_usd,10825.34,1601537041.877601,10825.33,0,10825.34,0,10695.19
Coinbase,btc_usd,10825.34,1601537041.934224,10825.33,0,10825.34,0,10695.19
Coinbase,btc_usd,10825.34,1601537042.458784,10825.33,0,10825.34,0,10695.19
Coinbase,btc_usd,10825.34,1601537042.7989,10825.33,0,10825.34,0,10695.19
Coinbase,eth_usd,363.51,1601537043.200797,363.5,0,363.51,0,354.71
Coinbase,btc_usd,10825.34,1601537043.367101,10825.33,0,10825.34,0,10695.19
Coinbase,btc_usd,10825.34,1601537044.134051,10825.33,0,10825.34,0,10695.19
Coinbase,btc_usd,10825.34,1601537044.18804,10825.33,0,10825.34,0,10695.19
Coinbase,btc_usd,10825.34,1601537044.190511,10825.33,0,10825.34,0,10695.19
Coinbase,btc_usd,10825.34,1601537044.191028,10825.33,0,10825.34,0,10695.19
Coinbase,btc_usd,10825.34,1601537044.191697,10825.33,0,10825.34,0,10695.19
Coinbase,btc_usd,10825.34,1601537044.192353,10825.33,0,10825.34,0,10695.19
Coinbase,btc_usd,10825.34,1601537044.195757,10825.33,0,10825.34,0,10695.19
Coinbase,btc_usd,10825.34,1601537044.196219,10825.33,0,10825.34,0,10695.19
Coinbase,btc_usd,10825.34,1601537044.3603,10825.33,0,10825.34,0,10695.19
Coinbase,btc_usd,10825.34,1601537044.360891,10825.33,0,10825.34,0,10695.19
Coinbase,btc_usd,10825.34,1601537044.361563,10825.33,0,10825.34,0,10695.19
Coinbase,btc_usd,10825.34,1601537046.503496,10825.33,0,10825.34,0,10695.19
Coinbase,eth_usd,363.51,1601537046.514054,363.5,0,363.51,0,354.71
Coinbase,btc_usd,10825.34,1601537046.968282,10825.33,0,10825.34,0,10695.19
Coinbase,btc_usd,10825.34,1601537046.970213,10825.33,0,10825.34,0,10695.19
Coinbase,btc_usd,10825.34,1601537046.970576,10825.33,0,10825.34,0,10695.19
Coinbase,btc_usd,10825.34,1601537047.469079,10825.33,0,10825.34,0,10695.19
Coinbase,btc_usd,10825.34,1601537047.709943,10825.33,0,10825.34,0,10695.19
Coinbase,btc_usd,10825.34,1601537047.717318,10825.33,0,10825.34,0,10695.19
Coinbase,btc_usd,10825.34,1601537048.42929,10825.33,0,10825.34,0,10695.19
Coinbase,btc_usd,10825.34,1601537053.051886,10825.33,0,10825.34,0,10695.19
Coinbase,btc_eur,9229.47,1601537053.958084,9227.2,0,9229.47,0,9127.62
Coinbase,eth_eur,309.84,1601537054.479803,309.79,0,309.84,0,302.41
Coinbase,btc_usd,10825.34,1601537054.61746,10825.33,0,10825.34,0,10695.19
