Plateforme,Asset,Quote,Datetime,Bid,BidAmount,Ask,AskAmount,OpenInterest
Coinbase,eth_eur,304.78,1601368553.827705,304.78,0,304.95,0,307.29
Coinbase,btc_usd,10736,1601368553.828725,10736.0,0,10736.01,0,10857.43
Coinbase,eth_usd,355.43,1601368553.829197,355.37,0,355.43,0,357.6
Coinbase,btc_eur,9208.84,1601368553.829756,9208.84,0,9210.73,0,9333.8
Coinbase,btc_usd,10736,1601368554.096864,10736.0,0,10736.01,0,10857.43
Coinbase,btc_usd,10736,1601368554.681474,10736.0,0,10736.01,0,10857.43
Coinbase,btc_usd,10736,1601368554.803105,10736.0,0,10736.01,0,10857.43
Coinbase,btc_usd,10736,1601368555.257691,10736.0,0,10736.01,0,10857.43
Coinbase,btc_usd,10736,1601368555.86575,10736.0,0,10736.01,0,10857.43
Coinbase,btc_eur,9210.73,1601368556.128294,9209.45,0,9210.73,0,9333.8
Coinbase,btc_usd,10736,1601368556.307305,10736.0,0,10736.01,0,10857.43
Coinbase,btc_usd,10736,1601368557.390744,10736.0,0,10736.01,0,10857.43
Coinbase,btc_usd,10736,1601368557.476338,10736.0,0,10736.01,0,10857.43
Coinbase,btc_usd,10736.02,1601368559.435352,10736.0,0,10736.02,0,10857.43
Coinbase,btc_usd,10736,1601368560.411977,10736.0,0,10736.01,0,10857.43
Coinbase,btc_eur,9209.42,1601368562.197483,9209.42,0,9210.91,0,9333.8
Coinbase,btc_usd,10736,1601368563.772244,10736.0,0,10736.01,0,10857.43
Coinbase,btc_usd,10736,1601368563.820295,10736.0,0,10736.01,0,10857.43
Coinbase,btc_usd,10736,1601368563.856791,10736.0,0,10736.01,0,10857.43
Coinbase,btc_usd,10736,1601368564.253268,10736.0,0,10736.01,0,10857.43
Coinbase,btc_usd,10736,1601368564.504689,10736.0,0,10736.01,0,10857.43
Coinbase,btc_usd,10736,1601368566.781693,10736.0,0,10736.01,0,10857.43
Coinbase,btc_usd,10736,1601368566.902415,10736.0,0,10736.01,0,10857.43
Coinbase,btc_eur,9210.92,1601368567.393734,9209.41,0,9210.92,0,9333.8
Coinbase,btc_usd,10736.01,1601368567.597167,10736.0,0,10736.01,0,10857.43
Coinbase,btc_usd,10736,1601368568.57768,10736.0,0,10736.01,0,10857.43
Coinbase,btc_usd,10736,1601368569.381669,10736.0,0,10736.01,0,10857.43
Coinbase,btc_usd,10736.01,1601368570.612229,10736.0,0,10736.01,0,10857.43
Coinbase,btc_eur,9210.92,1601368571.859857,9209.41,0,9210.92,0,9333.8
Coinbase,btc_usd,10736,1601368572.695305,10736.0,0,10736.01,0,10857.43
Coinbase,btc_usd,10736,1601368572.759062,10736.0,0,10736.01,0,10857.43
Coinbase,btc_usd,10736.01,1601368573.100565,10736.0,0,10736.01,0,10857.43
Coinbase,btc_usd,10736.01,1601368573.137179,10736.0,0,10736.01,0,10857.43
Coinbase,btc_usd,10736,1601368574.493837,10736.0,0,10736.01,0,10857.43
Coinbase,eth_usd,355.31,1601368574.810976,355.31,0,355.32,0,357.6
Coinbase,btc_usd,10736.01,1601368574.993588,10736.0,0,10736.01,0,10857.43
Coinbase,btc_eur,9210,1601368575.344843,9209.41,0,9210.92,0,9333.8
Coinbase,btc_eur,9209.41,1601368575.345422,9209.41,0,9210.92,0,9333.8
Coinbase,btc_usd,10736,1601368576.753627,10736.0,0,10736.01,0,10857.43
Coinbase,btc_eur,9209.41,1601368578.118655,9209.25,0,9210.91,0,9333.8
Coinbase,btc_eur,9209.25,1601368578.120061,9209.25,0,9210.91,0,9333.8
Coinbase,btc_usd,10736.01,1601368579.114333,10736.0,0,10736.01,0,10857.43
Coinbase,btc_eur,9209.26,1601368579.28919,9209.26,0,9210.9,0,9333.8
Coinbase,btc_eur,9210.89,1601368579.891367,9209.26,0,9210.9,0,9333.8
Coinbase,btc_eur,9210.9,1601368579.892057,9209.26,0,9210.9,0,9333.8
Coinbase,btc_eur,9210.89,1601368583.08493,9209.26,0,9210.9,0,9333.8
Coinbase,btc_eur,9210.9,1601368583.085491,9209.26,0,9210.9,0,9333.8
Coinbase,btc_usd,10736.01,1601368584.559364,10736.0,0,10736.01,0,10857.43
Coinbase,btc_eur,9210.86,1601368584.88936,9209.26,0,9210.86,0,9333.8
Coinbase,btc_usd,10736.01,1601368585.092751,10736.0,0,10736.01,0,10857.43
Coinbase,eth_usd,355.32,1601368587.27664,355.31,0,355.32,0,357.6
Coinbase,eth_usd,355.32,1601368587.277637,355.31,0,355.33,0,357.6
Coinbase,eth_usd,355.33,1601368587.278727,355.31,0,355.33,0,357.6
Coinbase,eth_usd,355.33,1601368587.279817,355.31,0,355.33,0,357.6
Coinbase,btc_eur,9209.26,1601368587.588683,9209.26,0,9210.86,0,9333.8
Coinbase,eth_usd,355.32,1601368592.148697,355.32,0,355.33,0,357.6
Coinbase,eth_usd,355.32,1601368592.149378,355.32,0,355.33,0,357.6
Coinbase,btc_eur,9210.86,1601368593.511878,9209.26,0,9210.86,0,9333.8
Coinbase,btc_usd,10736,1601368594.057428,10736.0,0,10736.01,0,10857.43
Coinbase,btc_usd,10736.01,1601368595.454584,10736.0,0,10736.01,0,10857.43
Coinbase,btc_eur,9210.84,1601368596.193577,9209.26,0,9210.84,0,9333.8
Coinbase,btc_usd,10736.01,1601368599.677736,10736.0,0,10736.01,0,10857.43
Coinbase,btc_eur,9210.9,1601368602.252902,9209.8,0,9210.9,0,9333.8
Coinbase,btc_eur,9210.9,1601368604.305392,9209.8,0,9210.9,0,9333.8
Coinbase,eth_usd,355.33,1601368607.680538,355.32,0,355.33,0,357.6
Coinbase,eth_usd,355.33,1601368607.682189,355.32,0,355.33,0,357.6
Coinbase,eth_usd,355.33,1601368607.683441,355.32,0,355.34,0,357.6
Coinbase,eth_usd,355.34,1601368607.68392,355.32,0,355.34,0,357.6
Coinbase,btc_eur,9209.8,1601368608.368878,9209.8,0,9210.9,0,9333.8
Coinbase,eth_eur,304.98,1601368608.859046,304.79,0,304.98,0,307.29
Coinbase,btc_usd,10736.01,1601368608.969196,10736.0,0,10736.01,0,10857.43
Coinbase,eth_eur,304.99,1601368609.616837,304.79,0,304.99,0,307.29
Coinbase,btc_usd,10736.01,1601368612.331537,10736.0,0,10736.01,0,10857.43
Coinbase,btc_usd,10736.01,1601368613.1139,10736.0,0,10736.01,0,10857.43
Coinbase,btc_usd,10736.01,1601368616.145005,10736.0,0,10736.01,0,10857.43
Coinbase,btc_usd,10736,1601368617.879546,10736.0,0,10736.01,0,10857.43
Coinbase,eth_usd,355.34,1601368618.910473,355.33,0,355.34,0,357.6
Coinbase,eth_eur,304.98,1601368620.608275,304.86,0,304.98,0,307.29
Coinbase,btc_eur,9211.59,1601368620.831107,9209.81,0,9211.59,0,9333.8
Coinbase,btc_usd,10736.01,1601368622.05278,10736.0,0,10736.01,0,10857.43
Coinbase,eth_usd,355.34,1601368624.331117,355.33,0,355.34,0,357.6
Coinbase,btc_usd,10736.01,1601368624.816847,10736.0,0,10736.01,0,10857.43
Coinbase,eth_usd,355.34,1601368630.64658,355.33,0,355.34,0,357.6
Coinbase,btc_eur,9209.28,1601368631.124619,9209.28,0,9211.88,0,9333.8
Coinbase,eth_usd,355.34,1601368632.31024,355.33,0,355.34,0,357.6
Coinbase,eth_eur,304.84,1601368633.00895,304.84,0,304.97,0,307.29
Coinbase,btc_eur,9211.88,1601368633.457656,9209.83,0,9211.89,0,9333.8
Coinbase,btc_eur,9211.89,1601368633.459107,9209.83,0,9211.89,0,9333.8
Coinbase,btc_usd,10736.01,1601368634.409366,10736.0,0,10736.01,0,10857.43
Coinbase,btc_usd,10736.01,1601368635.684853,10736.0,0,10736.01,0,10857.43
Coinbase,btc_eur,9209.83,1601368638.453049,9209.83,0,9211.86,0,9333.8
Coinbase,eth_eur,304.81,1601368641.283621,304.81,0,304.96,0,307.29
Coinbase,btc_usd,10736.01,1601368643.64643,10736.0,0,10736.01,0,10857.43
Coinbase,btc_eur,9211.94,1601368643.910705,9209.83,0,9212.08,0,9333.8
Coinbase,btc_eur,9212.08,1601368643.911494,9209.83,0,9212.08,0,9333.8
Coinbase,btc_eur,9209.93,1601368644.363855,9209.93,0,9211.93,0,9333.8
Coinbase,btc_usd,10736,1601368646.567269,10736.0,0,10736.01,0,10857.43
Coinbase,btc_usd,10736.01,1601368651.478939,10736.0,0,10736.01,0,10857.43
Coinbase,btc_usd,10736.01,1601368651.97141,10736.0,0,10736.01,0,10857.43
Coinbase,eth_usd,355.34,1601368652.336597,355.33,0,355.34,0,357.6
Coinbase,btc_usd,10736.01,1601368652.552598,10736.0,0,10736.01,0,10857.43
Coinbase,btc_eur,9212.17,1601368652.78446,9210.29,0,9212.17,0,9333.8
Coinbase,btc_eur,9212.1,1601368659.834031,9210.29,0,9212.1,0,9333.8
Coinbase,btc_eur,9210.29,1601368661.243447,9210.29,0,9211.95,0,9333.8
Coinbase,btc_eur,9209.14,1601368663.24152,9209.14,0,9211.23,0,9333.8
Coinbase,btc_usd,10736.01,1601368664.24679,10736.0,0,10736.01,0,10857.43
Coinbase,btc_usd,10736.01,1601368665.048286,10736.0,0,10736.01,0,10857.43
Coinbase,btc_eur,9212,1601368667.47507,9210.01,0,9212.0,0,9333.8
Coinbase,btc_usd,10736.01,1601368668.172063,10736.0,0,10736.01,0,10857.43
Coinbase,btc_usd,10736.01,1601368669.25471,10736.0,0,10736.01,0,10857.43
Coinbase,btc_eur,9210.01,1601368672.007036,9210.01,0,9212.19,0,9333.8
Coinbase,eth_usd,355.34,1601368673.585469,355.33,0,355.34,0,357.6
Coinbase,btc_usd,10736.01,1601368675.593347,10736.0,0,10736.01,0,10857.43
Coinbase,eth_usd,355.33,1601368676.32526,355.33,0,355.34,0,357.6
Coinbase,btc_eur,9211.48,1601368677.180096,9210.01,0,9211.48,0,9333.8
Coinbase,eth_usd,355.34,1601368679.60865,355.33,0,355.34,0,357.6
Coinbase,eth_usd,355.33,1601368681.153235,355.33,0,355.34,0,357.6
Coinbase,btc_usd,10736.01,1601368681.431049,10736.0,0,10736.01,0,10857.43
Coinbase,eth_usd,355.34,1601368684.383331,355.33,0,355.34,0,357.6
Coinbase,btc_eur,9208.46,1601368687.444839,9208.46,0,9210.19,0,9333.8
Coinbase,btc_usd,10736.01,1601368687.514691,10736.0,0,10736.01,0,10857.43
Coinbase,btc_usd,10736.01,1601368691.526923,10736.0,0,10736.01,0,10857.43
Coinbase,btc_usd,10736.01,1601368692.055915,10736.0,0,10736.01,0,10857.43
Coinbase,btc_eur,9209.05,1601368692.699346,9209.05,0,9211.34,0,9333.8
Coinbase,btc_usd,10736,1601368693.548762,10736.0,0,10736.01,0,10857.43
Coinbase,btc_eur,9209.05,1601368695.683779,9209.05,0,9210.62,0,9333.8
Coinbase,btc_eur,9210.62,1601368695.846193,9209.05,0,9210.62,0,9333.8
Coinbase,btc_usd,10736.01,1601368699.146922,10736.0,0,10736.01,0,10857.43
Coinbase,eth_usd,355.34,1601368700.937282,355.33,0,355.34,0,357.6
Coinbase,btc_eur,9209.09,1601368701.877207,9209.09,0,9210.46,0,9333.8
Coinbase,eth_usd,355.33,1601368702.271208,355.33,0,355.34,0,357.6
Coinbase,eth_eur,304.86,1601368702.549581,304.86,0,304.88,0,307.29
Coinbase,eth_usd,355.33,1601368702.630322,355.33,0,355.34,0,357.6
Coinbase,eth_usd,355.33,1601368702.659005,355.33,0,355.34,0,357.6
Coinbase,eth_usd,355.33,1601368702.744676,355.33,0,355.34,0,357.6
Coinbase,eth_usd,355.33,1601368702.869227,355.33,0,355.34,0,357.6
Coinbase,eth_usd,355.33,1601368702.9056,355.33,0,355.34,0,357.6
Coinbase,btc_eur,9209.1,1601368704.008864,9207.34,0,9211.39,0,9333.8
Coinbase,btc_eur,9211.39,1601368704.009436,9207.34,0,9211.39,0,9333.8
Coinbase,eth_usd,355.33,1601368705.177424,355.19,0,355.34,0,357.6
Coinbase,eth_usd,355.26,1601368706.173236,355.22,0,355.26,0,357.6
Coinbase,eth_usd,355.26,1601368706.174434,355.22,0,355.34,0,357.6
Coinbase,eth_usd,355.34,1601368706.175519,355.22,0,355.35,0,357.6
Coinbase,eth_usd,355.35,1601368706.17669,355.22,0,355.4,0,357.6
Coinbase,eth_usd,355.4,1601368706.177166,355.22,0,355.42,0,357.6
Coinbase,eth_usd,355.42,1601368706.178775,355.22,0,355.42,0,357.6
Coinbase,eth_usd,355.42,1601368706.179267,355.22,0,355.42,0,357.6
Coinbase,btc_eur,9210.93,1601368707.482721,9208.23,0,9210.93,0,9333.8
Coinbase,btc_usd,10736.01,1601368710.722699,10736.0,0,10736.01,0,10857.43
Coinbase,eth_usd,355.35,1601368712.09242,355.24,0,355.35,0,357.6
Coinbase,btc_usd,10736.01,1601368713.360459,10736.0,0,10736.01,0,10857.43
Coinbase,btc_eur,9210.71,1601368716.315112,9208.23,0,9210.72,0,9333.8
Coinbase,btc_eur,9210.72,1601368716.316464,9208.23,0,9210.72,0,9333.8
Coinbase,btc_usd,10736.01,1601368716.627642,10736.0,0,10736.01,0,10857.43
Coinbase,btc_usd,10736,1601368719.450998,10736.0,0,10736.01,0,10857.43
Coinbase,btc_usd,10736.01,1601368719.547032,10736.0,0,10736.01,0,10857.43
Coinbase,btc_usd,10736,1601368721.244779,10736.0,0,10736.01,0,10857.43
Coinbase,btc_usd,10736,1601368721.256865,10736.0,0,10736.01,0,10857.43
Coinbase,btc_usd,10736,1601368721.261153,10736.0,0,10736.01,0,10857.43
Coinbase,btc_usd,10736,1601368721.265487,10736.0,0,10736.01,0,10857.43
Coinbase,btc_usd,10736,1601368721.279938,10736.0,0,10736.01,0,10857.43
Coinbase,btc_usd,10736,1601368721.298125,10736.0,0,10736.01,0,10857.43
Coinbase,btc_usd,10736,1601368721.378694,10736.0,0,10736.01,0,10857.43
Coinbase,btc_usd,10736,1601368721.402231,10736.0,0,10736.01,0,10857.43
Coinbase,btc_usd,10736,1601368721.490138,10736.0,0,10736.01,0,10857.43
Coinbase,btc_usd,10736.01,1601368724.582262,10736.0,0,10736.01,0,10857.43
Coinbase,eth_eur,304.87,1601368727.468513,304.86,0,304.87,0,307.29
Coinbase,btc_usd,10736,1601368728.128303,10736.0,0,10736.01,0,10857.43
Coinbase,btc_usd,10736.01,1601368729.423572,10736.0,0,10736.01,0,10857.43
Coinbase,btc_usd,10736.01,1601368729.526501,10736.0,0,10736.01,0,10857.43
Coinbase,btc_eur,9210.98,1601368731.13448,9208.69,0,9210.99,0,9333.8
Coinbase,btc_eur,9210.99,1601368731.135749,9208.69,0,9210.99,0,9333.8
Coinbase,btc_eur,9210.99,1601368731.137466,9208.69,0,9210.99,0,9333.8
Coinbase,eth_usd,355.35,1601368732.228525,355.26,0,355.35,0,357.6
Coinbase,eth_eur,304.86,1601368733.090761,304.69,0,304.88,0,307.29
Coinbase,eth_eur,304.69,1601368733.093687,304.69,0,304.88,0,307.29
Coinbase,btc_usd,10736.01,1601368734.046712,10736.0,0,10736.01,0,10857.43
Coinbase,btc_eur,9209.15,1601368734.089862,9209.15,0,9211.41,0,9333.8
Coinbase,btc_usd,10736.01,1601368734.10304,10736.0,0,10736.01,0,10857.43
Coinbase,btc_usd,10736.01,1601368734.801583,10736.0,0,10736.01,0,10857.43
Coinbase,btc_usd,10736.01,1601368737.437436,10736.0,0,10736.01,0,10857.43
Coinbase,btc_eur,9209.27,1601368741.851684,9209.27,0,9211.39,0,9333.8
Coinbase,eth_eur,304.74,1601368742.420082,304.69,0,304.74,0,307.29
Coinbase,btc_eur,9209.27,1601368746.618833,9209.27,0,9211.39,0,9333.8
Coinbase,btc_eur,9211.39,1601368751.817823,9209.27,0,9211.39,0,9333.8
Coinbase,btc_usd,10736.01,1601368753.164245,10736.0,0,10736.01,0,10857.43
Coinbase,btc_usd,10736,1601368754.16394,10736.0,0,10736.01,0,10857.43
Coinbase,btc_eur,9211.39,1601368754.186571,9209.27,0,9211.39,0,9333.8
Coinbase,btc_eur,9211.39,1601368754.187776,9209.27,0,9211.39,0,9333.8
Coinbase,btc_eur,9211.39,1601368754.189612,9209.27,0,9211.39,0,9333.8
Coinbase,btc_eur,9211.39,1601368754.190237,9209.27,0,9211.4,0,9333.8
Coinbase,btc_eur,9211.4,1601368754.191802,9209.27,0,9211.47,0,9333.8
Coinbase,btc_eur,9211.47,1601368754.194657,9209.27,0,9211.48,0,9333.8
Coinbase,btc_eur,9211.48,1601368754.195141,9209.27,0,9211.48,0,9333.8
Coinbase,btc_eur,9211.76,1601368760.468036,9209.73,0,9211.76,0,9333.8
Coinbase,btc_usd,10736.01,1601368760.777985,10736.0,0,10736.01,0,10857.43
Coinbase,eth_usd,355.16,1601368760.968447,355.12,0,355.16,0,357.6
Coinbase,btc_usd,10736.01,1601368763.334819,10736.0,0,10736.01,0,10857.43
Coinbase,btc_eur,9210.11,1601368766.068378,9210.11,0,9212.33,0,9333.8
Coinbase,btc_eur,9212.33,1601368769.923323,9210.11,0,9212.33,0,9333.8
Coinbase,btc_usd,10736,1601368771.178979,10736.0,0,10736.01,0,10857.43
Coinbase,btc_usd,10736.01,1601368771.226158,10736.0,0,10736.01,0,10857.43
Coinbase,btc_usd,10736,1601368776.032296,10736.0,0,10736.01,0,10857.43
Coinbase,btc_eur,9212.33,1601368777.042606,9210.11,0,9212.33,0,9333.8
Coinbase,btc_usd,10736,1601368777.555499,10736.0,0,10736.01,0,10857.43
Coinbase,eth_usd,355.09,1601368777.917898,355.09,0,355.15,0,357.6
Coinbase,btc_usd,10736.01,1601368779.023047,10736.0,0,10736.01,0,10857.43
Coinbase,btc_eur,9211.62,1601368780.227577,9208.99,0,9211.73,0,9333.8
Coinbase,btc_eur,9211.73,1601368780.228273,9208.99,0,9211.73,0,9333.8
Coinbase,btc_usd,10736.01,1601368780.758066,10736.0,0,10736.01,0,10857.43
Coinbase,btc_eur,9211.02,1601368782.958771,9209.46,0,9211.02,0,9333.8
Coinbase,btc_usd,10736.01,1601368782.969053,10736.0,0,10736.01,0,10857.43
Coinbase,btc_usd,10736.01,1601368783.489995,10736.0,0,10736.01,0,10857.43
Coinbase,btc_usd,10736,1601368783.490672,10736.0,0,10736.01,0,10857.43
Coinbase,btc_usd,10736,1601368783.491181,10736.0,0,10736.01,0,10857.43
Coinbase,btc_eur,9209.15,1601368783.933477,9209.15,0,9211.02,0,9333.8
Coinbase,btc_usd,10736.01,1601368784.447306,10736.0,0,10736.01,0,10857.43
Coinbase,btc_usd,10736.01,1601368788.372837,10736.0,0,10736.01,0,10857.43
Coinbase,btc_eur,9209.85,1601368791.344972,9209.85,0,9211.48,0,9333.8
Coinbase,eth_usd,355.08,1601368793.79288,355.07,0,355.08,0,357.6
Coinbase,btc_eur,9209.85,1601368794.396305,9209.85,0,9212.02,0,9333.8
Coinbase,eth_usd,355.07,1601368794.875872,355.07,0,355.08,0,357.6
Coinbase,eth_usd,355.07,1601368794.876592,355.07,0,355.08,0,357.6
Coinbase,btc_usd,10736.01,1601368796.760798,10736.0,0,10736.01,0,10857.43
Coinbase,btc_usd,10736.01,1601368797.6972,10736.0,0,10736.01,0,10857.43
Coinbase,eth_eur,304.69,1601368800.747051,304.69,0,304.7,0,307.29
Coinbase,btc_eur,9209.85,1601368800.994954,9209.85,0,9212.02,0,9333.8
Coinbase,btc_usd,10736,1601368801.230272,10736.0,0,10736.01,0,10857.43
Coinbase,eth_usd,355.07,1601368802.04169,355.07,0,355.08,0,357.6
Coinbase,btc_eur,9212.01,1601368802.929449,9209.85,0,9212.01,0,9333.8
Coinbase,btc_usd,10736.01,1601368803.141013,10736.0,0,10736.01,0,10857.43
Coinbase,btc_usd,10736.01,1601368807.079394,10736.0,0,10736.01,0,10857.43
Coinbase,btc_eur,9212.01,1601368807.321154,9209.85,0,9212.02,0,9333.8
Coinbase,btc_eur,9212.02,1601368807.321841,9209.85,0,9212.02,0,9333.8
Coinbase,btc_eur,9212,1601368808.797693,9209.85,0,9212.22,0,9333.8
Coinbase,btc_eur,9212.22,1601368808.799113,9209.85,0,9212.23,0,9333.8
Coinbase,btc_eur,9212.23,1601368808.799593,9209.85,0,9212.23,0,9333.8
Coinbase,btc_eur,9212.23,1601368808.800796,9209.85,0,9212.24,0,9333.8
Coinbase,btc_eur,9212.24,1601368808.80129,9209.85,0,9212.24,0,9333.8
Coinbase,eth_usd,355.11,1601368809.898799,355.1,0,355.11,0,357.6
Coinbase,eth_usd,355.11,1601368809.900308,355.1,0,355.11,0,357.6
Coinbase,eth_usd,355.11,1601368809.900795,355.1,0,355.11,0,357.6
Coinbase,btc_eur,9211.74,1601368814.373105,9209.85,0,9211.74,0,9333.8
Coinbase,btc_usd,10736,1601368814.815004,10736.0,0,10736.01,0,10857.43
Coinbase,btc_eur,9211.73,1601368815.09046,9209.85,0,9212.03,0,9333.8
Coinbase,btc_eur,9212.03,1601368815.091025,9209.85,0,9212.03,0,9333.8
Coinbase,eth_usd,355.11,1601368815.745227,355.1,0,355.11,0,357.6
Coinbase,eth_usd,355.11,1601368816.174905,355.1,0,355.11,0,357.6
Coinbase,eth_usd,355.11,1601368816.934591,355.1,0,355.11,0,357.6
Coinbase,eth_usd,355.1,1601368818.140543,355.1,0,355.11,0,357.6
Coinbase,eth_usd,355.1,1601368818.141266,355.1,0,355.11,0,357.6
Coinbase,btc_usd,10736.01,1601368819.501764,10736.0,0,10736.01,0,10857.43
Coinbase,btc_usd,10736,1601368822.51963,10736.0,0,10736.01,0,10857.43
Coinbase,btc_usd,10736.01,1601368824.928441,10736.0,0,10736.01,0,10857.43
Coinbase,btc_eur,9212.01,1601368826.930836,9209.87,0,9212.25,0,9333.8
Coinbase,btc_eur,9212.25,1601368826.931555,9209.87,0,9212.25,0,9333.8
Coinbase,eth_usd,355.11,1601368827.95007,355.1,0,355.11,0,357.6
Coinbase,eth_usd,355.11,1601368827.950757,355.1,0,355.11,0,357.6
Coinbase,eth_usd,355.11,1601368827.951217,355.1,0,355.11,0,357.6
Coinbase,btc_eur,9209.87,1601368828.214902,9209.87,0,9211.54,0,9333.8
Coinbase,btc_usd,10736,1601368828.870963,10736.0,0,10736.01,0,10857.43
Coinbase,btc_usd,10736,1601368829.635123,10736.0,0,10736.01,0,10857.43
Coinbase,btc_usd,10736.01,1601368830.594157,10736.0,0,10736.01,0,10857.43
Coinbase,eth_eur,304.69,1601368830.869962,304.64,0,304.76,0,307.29
Coinbase,eth_eur,304.64,1601368830.870564,304.61,0,304.76,0,307.29
Coinbase,eth_eur,304.61,1601368830.871052,304.61,0,304.76,0,307.29
Coinbase,btc_usd,10736.01,1601368832.295851,10736.0,0,10736.01,0,10857.43
Coinbase,eth_eur,304.73,1601368832.931772,304.61,0,304.73,0,307.29
Coinbase,btc_eur,9211.54,1601368837.759925,9209.88,0,9211.54,0,9333.8
Coinbase,btc_eur,9210.09,1601368838.886963,9210.09,0,9212.25,0,9333.8
Coinbase,btc_usd,10736,1601368838.970467,10736.0,0,10736.01,0,10857.43
Coinbase,btc_usd,10736,1601368838.990238,10736.0,0,10736.01,0,10857.43
Coinbase,btc_usd,10736,1601368839.086228,10736.0,0,10736.01,0,10857.43
Coinbase,btc_usd,10736,1601368839.137736,10736.0,0,10736.01,0,10857.43
Coinbase,btc_eur,9212.12,1601368839.660359,9210.14,0,9212.12,0,9333.8
Coinbase,eth_usd,355.11,1601368840.232482,355.1,0,355.11,0,357.6
Coinbase,btc_eur,9210.14,1601368840.591783,9210.14,0,9212.12,0,9333.8
Coinbase,eth_eur,304.73,1601368841.384011,304.62,0,304.73,0,307.29
Coinbase,btc_usd,10736.01,1601368844.466805,10736.0,0,10736.01,0,10857.43
Coinbase,btc_eur,9211.45,1601368848.420776,9209.24,0,9211.46,0,9333.8
Coinbase,btc_eur,9211.46,1601368848.423538,9209.24,0,9211.46,0,9333.8
Coinbase,btc_eur,9211.46,1601368848.424025,9209.24,0,9211.47,0,9333.8
Coinbase,btc_eur,9211.47,1601368848.424491,9209.24,0,9212.22,0,9333.8
Coinbase,btc_eur,9212.22,1601368848.424966,9209.24,0,9212.34,0,9333.8
Coinbase,btc_eur,9212.34,1601368848.426165,9209.24,0,9212.36,0,9333.8
Coinbase,btc_eur,9212.36,1601368848.426666,9209.24,0,9212.36,0,9333.8
Coinbase,btc_usd,10736.01,1601368850.083889,10736.0,0,10736.01,0,10857.43
Coinbase,btc_usd,10736.01,1601368850.383882,10736.0,0,10736.01,0,10857.43
Coinbase,btc_eur,9212.34,1601368854.632826,9210.15,0,9212.34,0,9333.8
Coinbase,btc_eur,9211.97,1601368855.994046,9210.43,0,9211.97,0,9333.8
Coinbase,btc_eur,9212.06,1601368858.458524,9210.53,0,9212.06,0,9333.8
Coinbase,btc_eur,9212.34,1601368860.188543,9210.53,0,9212.35,0,9333.8
Coinbase,btc_eur,9212.35,1601368860.189188,9210.53,0,9212.35,0,9333.8
Coinbase,btc_usd,10736.01,1601368862.417069,10736.0,0,10736.01,0,10857.43
Coinbase,eth_usd,355.11,1601368863.611969,355.1,0,355.11,0,357.6
Coinbase,btc_eur,9211.92,1601368866.266465,9210.53,0,9211.92,0,9333.8
Coinbase,btc_usd,10736.01,1601368867.853836,10736.0,0,10736.01,0,10857.43
Coinbase,btc_usd,10736,1601368871.365769,10736.0,0,10736.01,0,10857.43
Coinbase,eth_eur,304.56,1601368871.379116,304.56,0,304.67,0,307.29
Coinbase,eth_eur,304.55,1601368873.207963,304.55,0,304.67,0,307.29
Coinbase,eth_eur,304.55,1601368873.208595,304.54,0,304.67,0,307.29
Coinbase,eth_eur,304.54,1601368873.209053,304.54,0,304.67,0,307.29
Coinbase,btc_usd,10736.01,1601368873.41116,10736.0,0,10736.01,0,10857.43
Coinbase,eth_eur,304.65,1601368875.953673,304.54,0,304.65,0,307.29
Coinbase,eth_usd,355.1,1601368876.384978,354.98,0,355.11,0,357.6
Coinbase,btc_usd,10736,1601368877.086846,10736.0,0,10736.01,0,10857.43
Coinbase,btc_usd,10736,1601368877.27424,10736.0,0,10736.01,0,10857.43
Coinbase,btc_usd,10736,1601368877.328739,10736.0,0,10736.01,0,10857.43
Coinbase,btc_usd,10736,1601368877.415185,10736.0,0,10736.01,0,10857.43
Coinbase,btc_usd,10736,1601368877.43248,10736.0,0,10736.01,0,10857.43
Coinbase,btc_usd,10736,1601368877.500267,10736.0,0,10736.01,0,10857.43
Coinbase,btc_usd,10736,1601368877.527768,10736.0,0,10736.01,0,10857.43
Coinbase,btc_usd,10736,1601368877.530619,10736.0,0,10736.01,0,10857.43
Coinbase,btc_usd,10736,1601368884.028623,10736.0,0,10736.01,0,10857.43
Coinbase,btc_usd,10736,1601368884.029657,10736.0,0,10736.01,0,10857.43
Coinbase,btc_usd,10736,1601368884.046026,10736.0,0,10736.01,0,10857.43
Coinbase,btc_usd,10736.01,1601368884.270588,10736.0,0,10736.01,0,10857.43
Coinbase,btc_usd,10736,1601368884.387137,10736.0,0,10736.01,0,10857.43
Coinbase,btc_usd,10736,1601368884.41475,10735.99,0,10736.01,0,10857.43
Coinbase,btc_usd,10735.99,1601368884.415334,10735.99,0,10736.01,0,10857.43
Coinbase,btc_usd,10735.99,1601368884.430349,10735.99,0,10736.0,0,10857.43
Coinbase,btc_usd,10735.99,1601368884.441336,10735.67,0,10736.0,0,10857.43
Coinbase,btc_usd,10735.67,1601368884.4805,10734.66,0,10735.68,0,10857.43
Coinbase,btc_usd,10734.59,1601368884.718542,10732.99,0,10734.6,0,10857.43
Coinbase,eth_usd,354.83,1601368884.759983,354.83,0,354.89,0,357.6
Coinbase,btc_usd,10733.13,1601368884.889802,10733.11,0,10734.0,0,10857.43
Coinbase,btc_usd,10733.11,1601368884.908929,10732.99,0,10734.0,0,10857.43
Coinbase,btc_usd,10732.99,1601368884.917681,10731.78,0,10733.99,0,10857.43
Coinbase,btc_eur,9209.15,1601368885.017845,9208.0,0,9210.68,0,9333.8
Coinbase,eth_eur,304.53,1601368886.894817,304.45,0,304.53,0,307.29
Coinbase,eth_eur,304.52,1601368887.465,304.45,0,304.52,0,307.29
Coinbase,btc_usd,10730.99,1601368887.728609,10730.73,0,10730.99,0,10857.43
Coinbase,btc_eur,9208,1601368888.683504,9208.0,0,9208.85,0,9333.8
Coinbase,btc_eur,9208.73,1601368891.006057,9208.0,0,9208.73,0,9333.8
Coinbase,btc_eur,9208.73,1601368891.00668,9208.0,0,9208.73,0,9333.8
Coinbase,btc_eur,9208.64,1601368898.787869,9208.0,0,9208.64,0,9333.8
Coinbase,eth_usd,354.88,1601368899.869789,354.84,0,354.88,0,357.6
Coinbase,eth_usd,354.88,1601368899.870672,354.84,0,354.9,0,357.6
Coinbase,eth_usd,354.9,1601368899.871141,354.84,0,354.9,0,357.6
Coinbase,eth_usd,354.9,1601368899.873009,354.84,0,354.9,0,357.6
Coinbase,eth_usd,354.9,1601368899.873623,354.84,0,354.91,0,357.6
Coinbase,eth_usd,354.91,1601368899.874557,354.84,0,354.91,0,357.6
Coinbase,eth_usd,354.91,1601368899.875022,354.84,0,354.91,0,357.6
Coinbase,eth_usd,354.91,1601368899.876111,354.84,0,355.01,0,357.6
Coinbase,eth_usd,355.01,1601368899.878498,354.84,0,355.05,0,357.6
Coinbase,eth_usd,355.05,1601368899.878969,354.84,0,355.05,0,357.6
Coinbase,eth_usd,355.05,1601368899.880203,354.84,0,355.05,0,357.6
Coinbase,eth_usd,355.05,1601368899.880859,354.84,0,355.05,0,357.6
Coinbase,eth_usd,355.05,1601368899.881333,354.84,0,355.08,0,357.6
Coinbase,eth_usd,355.08,1601368899.882525,354.84,0,355.1,0,357.6
Coinbase,eth_usd,355.1,1601368899.882988,354.84,0,355.11,0,357.6
Coinbase,eth_usd,355.11,1601368899.975117,354.84,0,355.11,0,357.6
Coinbase,btc_usd,10731.03,1601368904.147013,10731.02,0,10731.03,0,10857.43
Coinbase,btc_usd,10731.03,1601368904.147595,10731.02,0,10731.03,0,10857.43
Coinbase,btc_usd,10731.03,1601368904.148037,10731.02,0,10731.03,0,10857.43
Coinbase,btc_eur,9208.94,1601368913.384076,9208.0,0,9208.94,0,9333.8
Coinbase,btc_usd,10731.03,1601368916.141278,10731.02,0,10731.03,0,10857.43
Coinbase,btc_usd,10731.03,1601368917.359572,10731.02,0,10731.03,0,10857.43
Coinbase,btc_usd,10731.03,1601368917.360875,10731.02,0,10731.03,0,10857.43
Coinbase,btc_usd,10731.03,1601368917.82968,10731.02,0,10731.03,0,10857.43
Coinbase,btc_eur,9208.94,1601368919.412731,9208.0,0,9208.94,0,9333.8
Coinbase,btc_usd,10731.03,1601368919.70575,10731.02,0,10731.03,0,10857.43
Coinbase,btc_usd,10731.02,1601368920.962618,10731.02,0,10731.03,0,10857.43
Coinbase,btc_eur,9208.94,1601368921.746966,9208.0,0,9208.94,0,9333.8
Coinbase,btc_eur,9208.94,1601368923.408067,9208.0,0,9208.94,0,9333.8
Coinbase,btc_eur,9208.94,1601368928.717697,9208.0,0,9208.94,0,9333.8
Coinbase,btc_usd,10731.03,1601368929.0145,10731.02,0,10731.03,0,10857.43
Coinbase,eth_usd,354.99,1601368929.327138,354.89,0,355.03,0,357.6
Coinbase,eth_usd,354.89,1601368929.328736,354.89,0,355.03,0,357.6
Coinbase,btc_eur,9208,1601368931.068504,9208.0,0,9208.94,0,9333.8
Coinbase,btc_usd,10731.02,1601368931.530178,10731.02,0,10731.03,0,10857.43
Coinbase,btc_eur,9208.94,1601368935.227486,9208.0,0,9208.94,0,9333.8
Coinbase,btc_eur,9208.94,1601368935.562526,9208.0,0,9208.94,0,9333.8
Coinbase,eth_eur,304.72,1601368935.71967,304.58,0,304.72,0,307.29
Coinbase,btc_usd,10731.02,1601368936.023568,10731.02,0,10731.03,0,10857.43
Coinbase,btc_usd,10731.03,1601368937.365782,10731.02,0,10731.03,0,10857.43
Coinbase,btc_usd,10731.02,1601368937.748841,10731.02,0,10731.03,0,10857.43
Coinbase,btc_usd,10731.03,1601368937.857242,10731.02,0,10731.03,0,10857.43
Coinbase,eth_usd,355.07,1601368940.46485,355.06,0,355.08,0,357.6
Coinbase,eth_usd,355.08,1601368940.466275,355.06,0,355.08,0,357.6
Coinbase,eth_usd,355.08,1601368940.466745,355.06,0,355.1,0,357.6
Coinbase,eth_usd,355.1,1601368940.471418,355.06,0,355.1,0,357.6
Coinbase,eth_usd,355.1,1601368940.495645,355.09,0,355.1,0,357.6
Coinbase,eth_usd,355.1,1601368940.551775,355.09,0,355.1,0,357.6
Coinbase,eth_usd,355.1,1601368940.61583,355.09,0,355.1,0,357.6
Coinbase,eth_usd,355.1,1601368940.627086,355.09,0,355.1,0,357.6
Coinbase,eth_usd,355.1,1601368940.740944,355.09,0,355.1,0,357.6
Coinbase,eth_usd,355.1,1601368940.77795,355.09,0,355.1,0,357.6
Coinbase,eth_usd,355.1,1601368940.783534,355.09,0,355.13,0,357.6
Coinbase,eth_usd,355.13,1601368940.895032,355.12,0,355.13,0,357.6
Coinbase,eth_usd,355.13,1601368940.993431,355.12,0,355.27,0,357.6
Coinbase,btc_eur,9208,1601368941.602316,9208.0,0,9208.94,0,9333.8
Coinbase,btc_eur,9208.94,1601368942.215143,9208.0,0,9208.94,0,9333.8
Coinbase,btc_usd,10731.03,1601368942.374432,10731.02,0,10731.03,0,10857.43
Coinbase,eth_usd,355.27,1601368943.23921,355.26,0,355.28,0,357.6
Coinbase,eth_usd,355.28,1601368943.239976,355.26,0,355.29,0,357.6
Coinbase,eth_usd,355.29,1601368943.240481,355.26,0,355.3,0,357.6
Coinbase,eth_usd,355.3,1601368943.240945,355.26,0,355.3,0,357.6
Coinbase,eth_usd,355.3,1601368943.241407,355.26,0,355.3,0,357.6
Coinbase,btc_eur,9208.94,1601368943.37525,9208.0,0,9208.94,0,9333.8
Coinbase,btc_eur,9208.93,1601368946.836432,9208.0,0,9208.93,0,9333.8
Coinbase,btc_usd,10731.03,1601368949.048674,10731.02,0,10731.03,0,10857.43
Coinbase,btc_eur,9208,1601368952.114941,9208.0,0,9208.93,0,9333.8
Coinbase,eth_eur,304.77,1601368952.129391,304.77,0,304.92,0,307.29
Coinbase,btc_usd,10731.02,1601368954.647878,10731.02,0,10731.03,0,10857.43
Coinbase,eth_eur,304.82,1601368958.149521,304.82,0,304.95,0,307.29
Coinbase,btc_usd,10731.02,1601368960.499466,10731.02,0,10731.03,0,10857.43
Coinbase,btc_usd,10731.03,1601368961.310001,10731.02,0,10731.04,0,10857.43
Coinbase,btc_usd,10731.04,1601368961.310582,10731.02,0,10731.04,0,10857.43
Coinbase,btc_usd,10731.04,1601368961.312176,10731.02,0,10731.04,0,10857.43
Coinbase,btc_usd,10731.04,1601368961.312846,10731.02,0,10731.05,0,10857.43
Coinbase,btc_usd,10731.05,1601368961.314026,10731.02,0,10731.05,0,10857.43
Coinbase,btc_usd,10731.05,1601368961.317445,10731.02,0,10731.05,0,10857.43
Coinbase,btc_usd,10731.05,1601368961.31799,10731.02,0,10733.39,0,10857.43
Coinbase,btc_usd,10733.39,1601368961.319125,10731.02,0,10734.39,0,10857.43
Coinbase,btc_usd,10734.39,1601368961.319678,10731.02,0,10734.39,0,10857.43
Coinbase,eth_usd,355.29,1601368968.380551,355.29,0,355.3,0,357.6
Coinbase,btc_usd,10734.37,1601368970.241121,10734.36,0,10734.37,0,10857.43
Coinbase,eth_eur,304.82,1601368971.668564,304.82,0,304.94,0,307.29
Coinbase,btc_eur,9208.01,1601368972.479873,9208.0,0,9208.94,0,9333.8
Coinbase,btc_eur,9208,1601368972.482114,9208.0,0,9208.94,0,9333.8
Coinbase,eth_usd,355.3,1601368976.800891,355.29,0,355.3,0,357.6
Coinbase,btc_usd,10734.33,1601368978.898919,10734.32,0,10734.33,0,10857.43
Coinbase,btc_usd,10734.33,1601368982.208521,10734.32,0,10734.33,0,10857.43
Coinbase,btc_eur,9208.94,1601368982.800351,9208.25,0,9208.94,0,9333.8
Coinbase,btc_usd,10734.33,1601368983.450545,10734.32,0,10734.33,0,10857.43
Coinbase,eth_eur,304.91,1601368985.874463,304.79,0,304.91,0,307.29
Coinbase,eth_usd,355.3,1601368986.132162,355.29,0,355.3,0,357.6
Coinbase,btc_usd,10734.33,1601368987.494464,10734.32,0,10734.33,0,10857.43
Coinbase,eth_usd,355.28,1601368987.624304,355.28,0,355.29,0,357.6
Coinbase,eth_usd,355.22,1601368989.575782,355.17,0,355.28,0,357.6
Coinbase,eth_usd,355.22,1601368990.594928,355.18,0,355.23,0,357.6
Coinbase,eth_eur,304.68,1601368990.756366,304.68,0,304.8,0,307.29
Coinbase,btc_eur,9208.94,1601368992.899492,9208.0,0,9208.94,0,9333.8
Coinbase,btc_eur,9208,1601368993.567987,9208.0,0,9208.94,0,9333.8
Coinbase,eth_usd,355.2,1601368998.811684,355.19,0,355.2,0,357.6
Coinbase,eth_usd,355.2,1601368998.815465,355.19,0,355.2,0,357.6
Coinbase,eth_usd,355.2,1601368998.815964,355.19,0,355.2,0,357.6
Coinbase,eth_usd,355.2,1601368998.922288,355.19,0,355.28,0,357.6
Coinbase,btc_usd,10734.33,1601369000.521101,10734.32,0,10734.33,0,10857.43
Coinbase,btc_usd,10734.33,1601369002.232493,10734.32,0,10734.33,0,10857.43
Coinbase,btc_usd,10734.33,1601369002.30543,10734.32,0,10734.33,0,10857.43
Coinbase,btc_usd,10734.33,1601369003.647302,10734.32,0,10734.33,0,10857.43
Coinbase,btc_usd,10734.32,1601369005.392935,10734.32,0,10734.33,0,10857.43
Coinbase,btc_eur,9208.94,1601369008.189707,9208.0,0,9208.94,0,9333.8
Coinbase,btc_eur,9208,1601369012.037349,9208.0,0,9208.94,0,9333.8
Coinbase,btc_usd,10734.33,1601369014.264937,10734.32,0,10734.33,0,10857.43
Coinbase,btc_usd,10734.33,1601369014.598967,10734.32,0,10734.33,0,10857.43
Coinbase,btc_usd,10734.32,1601369015.101368,10734.32,0,10734.33,0,10857.43
Coinbase,btc_usd,10734.32,1601369017.031629,10734.32,0,10734.33,0,10857.43
Coinbase,btc_eur,9208.94,1601369018.585498,9208.0,0,9208.94,0,9333.8
Coinbase,eth_usd,355.24,1601369019.274484,355.23,0,355.24,0,357.6
Coinbase,eth_usd,355.24,1601369019.28369,355.23,0,355.26,0,357.6
Coinbase,btc_usd,10734.33,1601369019.610992,10734.32,0,10734.33,0,10857.43
Coinbase,btc_usd,10734.33,1601369020.407791,10734.32,0,10734.33,0,10857.43
Coinbase,btc_eur,9208.94,1601369022.326143,9208.0,0,9208.94,0,9333.8
Coinbase,btc_usd,10734.32,1601369024.220618,10734.32,0,10734.33,0,10857.43
Coinbase,btc_usd,10734.32,1601369024.221888,10734.32,0,10734.33,0,10857.43
Coinbase,btc_usd,10734.32,1601369024.52524,10734.32,0,10734.33,0,10857.43
Coinbase,eth_eur,304.9,1601369025.86893,304.77,0,304.9,0,307.29
Coinbase,btc_eur,9208,1601369027.060605,9208.0,0,9208.94,0,9333.8
Coinbase,eth_eur,304.77,1601369027.340966,304.77,0,304.9,0,307.29
Coinbase,btc_usd,10734.19,1601369027.937974,10733.67,0,10734.19,0,10857.43
Coinbase,btc_eur,9208.94,1601369028.735303,9208.0,0,9208.94,0,9333.8
Coinbase,btc_usd,10733.49,1601369033.73167,10733.49,0,10734.19,0,10857.43
Coinbase,btc_eur,9208.94,1601369033.99237,9208.0,0,9208.94,0,9333.8
Coinbase,eth_usd,355.26,1601369034.849396,355.25,0,355.26,0,357.6
Coinbase,eth_usd,355.26,1601369034.853508,355.25,0,355.26,0,357.6
Coinbase,eth_usd,355.26,1601369034.854152,355.25,0,355.27,0,357.6
Coinbase,eth_usd,355.27,1601369034.85865,355.25,0,355.27,0,357.6
Coinbase,eth_usd,355.27,1601369034.875201,355.26,0,355.27,0,357.6
Coinbase,eth_usd,355.27,1601369034.888541,355.26,0,355.27,0,357.6
Coinbase,eth_usd,355.27,1601369034.889063,355.26,0,355.27,0,357.6
Coinbase,eth_usd,355.27,1601369034.909847,355.26,0,355.27,0,357.6
Coinbase,eth_usd,355.27,1601369034.918112,355.26,0,355.27,0,357.6
Coinbase,eth_usd,355.27,1601369034.919081,355.26,0,355.31,0,357.6
Coinbase,eth_eur,304.88,1601369038.041771,304.76,0,304.88,0,307.29
Coinbase,eth_eur,304.72,1601369039.966845,304.72,0,304.88,0,307.29
Coinbase,btc_eur,9208,1601369044.419022,9207.33,0,9208.94,0,9333.8
Coinbase,btc_eur,9207.33,1601369044.420935,9206.84,0,9208.94,0,9333.8
Coinbase,btc_eur,9206.84,1601369044.421405,9206.84,0,9208.94,0,9333.8
Coinbase,btc_usd,10733.83,1601369045.415173,10733.44,0,10733.83,0,10857.43
Coinbase,btc_eur,9207.22,1601369046.277546,9207.22,0,9208.92,0,9333.8
Coinbase,btc_usd,10733.83,1601369046.384952,10733.82,0,10733.83,0,10857.43
Coinbase,eth_usd,355.31,1601369046.513313,355.3,0,355.31,0,357.6
Coinbase,eth_usd,355.31,1601369046.520577,355.3,0,355.32,0,357.6
Coinbase,eth_usd,355.32,1601369046.521715,355.3,0,355.32,0,357.6
Coinbase,eth_usd,355.32,1601369046.524087,355.3,0,355.32,0,357.6
Coinbase,eth_usd,355.32,1601369046.528603,355.3,0,355.32,0,357.6
Coinbase,eth_usd,355.32,1601369046.531243,355.3,0,355.33,0,357.6
Coinbase,eth_usd,355.33,1601369046.542861,355.31,0,355.33,0,357.6
Coinbase,btc_usd,10733.83,1601369046.640338,10733.82,0,10733.83,0,10857.43
Coinbase,eth_usd,355.33,1601369046.723442,355.32,0,355.34,0,357.6
Coinbase,eth_usd,355.34,1601369046.867636,355.33,0,355.34,0,357.6
Coinbase,eth_usd,355.33,1601369047.014129,355.33,0,355.34,0,357.6
Coinbase,eth_usd,355.34,1601369047.377521,355.33,0,355.34,0,357.6
Coinbase,btc_usd,10733.82,1601369051.424171,10733.82,0,10733.83,0,10857.43
Coinbase,eth_usd,355.34,1601369052.987024,355.33,0,355.35,0,357.6
Coinbase,eth_usd,355.35,1601369052.990018,355.33,0,355.35,0,357.6
Coinbase,btc_usd,10733.84,1601369054.391848,10733.83,0,10733.84,0,10857.43
Coinbase,btc_usd,10733.83,1601369055.807538,10733.83,0,10733.84,0,10857.43
Coinbase,btc_usd,10733.83,1601369056.182771,10733.83,0,10733.84,0,10857.43
Coinbase,eth_usd,355.35,1601369057.657841,355.34,0,355.35,0,357.6
Coinbase,btc_usd,10733.83,1601369059.468992,10733.55,0,10733.83,0,10857.43
Coinbase,eth_eur,304.98,1601369060.187632,304.92,0,304.98,0,307.29
Coinbase,btc_eur,9207.41,1601369061.160955,9207.41,0,9208.94,0,9333.8
Coinbase,btc_usd,10733.13,1601369062.404618,10733.12,0,10733.83,0,10857.43
Coinbase,btc_usd,10733.12,1601369062.405917,10733.12,0,10733.83,0,10857.43
Coinbase,eth_usd,355.35,1601369062.963025,355.34,0,355.35,0,357.6
Coinbase,btc_usd,10733.83,1601369063.685562,10733.12,0,10733.83,0,10857.43
Coinbase,btc_usd,10733.83,1601369063.828615,10733.12,0,10733.83,0,10857.43
Coinbase,btc_usd,10733.79,1601369065.778626,10733.13,0,10733.79,0,10857.43
Coinbase,btc_usd,10733.78,1601369066.354188,10733.13,0,10733.78,0,10857.43
Coinbase,btc_usd,10733.84,1601369066.969025,10733.14,0,10733.84,0,10857.43
Coinbase,btc_usd,10733.83,1601369068.72248,10733.13,0,10733.83,0,10857.43
Coinbase,btc_eur,9208.94,1601369069.439492,9207.41,0,9208.94,0,9333.8
Coinbase,btc_usd,10733.84,1601369071.078781,10733.27,0,10733.84,0,10857.43
Coinbase,btc_usd,10733.84,1601369071.159208,10733.27,0,10733.84,0,10857.43
Coinbase,btc_eur,9207.32,1601369071.622354,9207.32,0,9208.94,0,9333.8
Coinbase,btc_usd,10733.82,1601369072.979244,10733.5,0,10733.83,0,10857.43
Coinbase,btc_usd,10733.83,1601369072.979876,10733.5,0,10733.83,0,10857.43
Coinbase,eth_usd,355.35,1601369075.891406,355.34,0,355.35,0,357.6
Coinbase,eth_usd,355.35,1601369077.205062,355.34,0,355.35,0,357.6
Coinbase,btc_usd,10733.83,1601369079.656936,10733.82,0,10733.83,0,10857.43
Coinbase,eth_eur,304.86,1601369080.379046,304.86,0,304.99,0,307.29
Coinbase,eth_eur,304.86,1601369080.381974,304.86,0,304.99,0,307.29
Coinbase,btc_usd,10733.83,1601369081.122037,10733.82,0,10733.83,0,10857.43
Coinbase,btc_usd,10733.83,1601369081.122662,10733.82,0,10733.83,0,10857.43
Coinbase,btc_usd,10733.83,1601369081.123142,10733.82,0,10734.33,0,10857.43
Coinbase,btc_usd,10734.33,1601369081.12362,10733.82,0,10734.69,0,10857.43
Coinbase,btc_usd,10734.69,1601369081.124077,10733.82,0,10735.11,0,10857.43
Coinbase,btc_usd,10735.11,1601369081.124534,10733.82,0,10735.11,0,10857.43
Coinbase,eth_usd,355.34,1601369081.583606,355.34,0,355.35,0,357.6
Coinbase,btc_usd,10734.34,1601369083.06569,10734.34,0,10735.52,0,10857.43
Coinbase,btc_eur,9208.93,1601369084.494058,9207.5,0,9208.93,0,9333.8
Coinbase,btc_eur,9207.07,1601369088.433919,9207.07,0,9208.92,0,9333.8
Coinbase,eth_usd,355.35,1601369088.741319,355.34,0,355.35,0,357.6
Coinbase,btc_usd,10735.52,1601369090.543926,10733.7,0,10735.52,0,10857.43
Coinbase,btc_usd,10735.03,1601369095.380267,10735.02,0,10735.03,0,10857.43
Coinbase,eth_usd,355.35,1601369095.828582,355.34,0,355.35,0,357.6
Coinbase,btc_eur,9207.54,1601369097.765128,9206.55,0,9208.93,0,9333.8
Coinbase,btc_eur,9207.55,1601369097.790509,9207.55,0,9208.93,0,9333.8
Coinbase,btc_usd,10735.03,1601369097.847953,10735.02,0,10735.03,0,10857.43
Coinbase,eth_usd,355.34,1601369098.836766,355.34,0,355.35,0,357.6
Coinbase,btc_eur,9207.69,1601369098.93813,9207.08,0,9208.93,0,9333.8
Coinbase,btc_eur,9207.35,1601369099.115661,9207.35,0,9208.92,0,9333.8
Coinbase,btc_usd,10735.03,1601369099.438179,10735.02,0,10735.03,0,10857.43
Coinbase,btc_eur,9207.35,1601369099.679525,9207.35,0,9208.88,0,9333.8
Coinbase,btc_eur,9207.35,1601369099.680076,9207.35,0,9208.88,0,9333.8
Coinbase,btc_eur,9206.68,1601369100.774514,9206.68,0,9208.85,0,9333.8
Coinbase,eth_eur,304.87,1601369100.988906,304.87,0,304.98,0,307.29
Coinbase,btc_eur,9206.68,1601369100.990095,9206.68,0,9208.85,0,9333.8
Coinbase,eth_eur,304.87,1601369101.203714,304.87,0,304.98,0,307.29
Coinbase,eth_usd,355.35,1601369101.81518,355.34,0,355.35,0,357.6
Coinbase,eth_usd,355.35,1601369101.944449,355.34,0,355.35,0,357.6
Coinbase,btc_usd,10735.03,1601369102.462286,10735.02,0,10735.03,0,10857.43
Coinbase,btc_usd,10735.03,1601369102.994339,10735.02,0,10735.03,0,10857.43
Coinbase,eth_usd,355.34,1601369103.109395,355.34,0,355.35,0,357.6
Coinbase,eth_usd,355.34,1601369103.110012,355.34,0,355.35,0,357.6
Coinbase,eth_usd,355.34,1601369103.110492,355.34,0,355.35,0,357.6
Coinbase,btc_usd,10735.56,1601369107.350399,10735.56,0,10735.57,0,10857.43
Coinbase,eth_eur,304.94,1601369110.40114,304.81,0,304.94,0,307.29
Coinbase,eth_eur,304.82,1601369110.945063,304.82,0,304.95,0,307.29
Coinbase,btc_eur,9208.86,1601369111.43094,9206.9,0,9208.86,0,9333.8
Coinbase,btc_eur,9208.86,1601369112.302007,9206.9,0,9208.86,0,9333.8
Coinbase,btc_eur,9208.86,1601369112.302651,9206.9,0,9208.87,0,9333.8
Coinbase,btc_eur,9208.87,1601369112.303131,9206.9,0,9208.87,0,9333.8
Coinbase,btc_usd,10735.48,1601369112.873312,10734.77,0,10735.48,0,10857.43
Coinbase,btc_usd,10735.96,1601369116.373959,10734.76,0,10735.96,0,10857.43
Coinbase,btc_eur,9207.32,1601369118.367517,9207.04,0,9208.93,0,9333.8
Coinbase,btc_eur,9208.93,1601369118.368142,9207.04,0,9208.93,0,9333.8
Coinbase,btc_eur,9208.94,1601369119.090271,9207.16,0,9208.94,0,9333.8
Coinbase,btc_usd,10734.75,1601369119.467817,10734.75,0,10735.5,0,10857.43
Coinbase,btc_usd,10735.5,1601369120.020103,10734.7,0,10735.5,0,10857.43
Coinbase,btc_usd,10735.5,1601369120.324411,10734.75,0,10735.5,0,10857.43
Coinbase,btc_eur,9208.94,1601369122.346491,9207.16,0,9208.94,0,9333.8
Coinbase,btc_usd,10734.22,1601369122.919554,10734.22,0,10735.25,0,10857.43
Coinbase,btc_usd,10735.45,1601369123.906676,10734.63,0,10735.45,0,10857.43
Coinbase,btc_eur,9208.94,1601369124.607439,9207.16,0,9208.94,0,9333.8
Coinbase,btc_usd,10735.49,1601369125.601223,10734.81,0,10735.49,0,10857.43
Coinbase,btc_usd,10735.49,1601369125.822177,10734.81,0,10735.49,0,10857.43
Coinbase,btc_eur,9207.16,1601369125.88867,9207.16,0,9208.94,0,9333.8
Coinbase,btc_usd,10735.5,1601369127.236853,10734.81,0,10735.5,0,10857.43
Coinbase,eth_eur,304.83,1601369132.062757,304.83,0,304.93,0,307.29
Coinbase,btc_eur,9208.94,1601369133.704868,9207.16,0,9208.94,0,9333.8
Coinbase,btc_usd,10735.29,1601369134.059899,10734.23,0,10735.29,0,10857.43
Coinbase,eth_usd,355.33,1601369134.061854,355.33,0,355.34,0,357.6
Coinbase,btc_usd,10735.51,1601369135.159216,10735.5,0,10735.51,0,10857.43
Coinbase,eth_usd,355.34,1601369136.451926,355.33,0,355.34,0,357.6
Coinbase,btc_eur,9207.16,1601369139.202727,9207.16,0,9210.11,0,9333.8
Coinbase,eth_usd,355.34,1601369139.946918,355.33,0,355.34,0,357.6
Coinbase,eth_usd,355.34,1601369140.141882,355.33,0,355.34,0,357.6
Coinbase,eth_usd,355.34,1601369140.176668,355.33,0,355.34,0,357.6
Coinbase,eth_usd,355.34,1601369140.17825,355.33,0,355.34,0,357.6
Coinbase,eth_usd,355.34,1601369140.179146,355.33,0,355.35,0,357.6
Coinbase,eth_usd,355.35,1601369140.180278,355.33,0,355.35,0,357.6
Coinbase,eth_usd,355.35,1601369140.208073,355.34,0,355.35,0,357.6
Coinbase,eth_usd,355.35,1601369140.224277,355.34,0,355.35,0,357.6
Coinbase,eth_usd,355.35,1601369140.473618,355.34,0,355.35,0,357.6
Coinbase,eth_usd,355.34,1601369140.839488,355.34,0,355.35,0,357.6
Coinbase,eth_usd,355.34,1601369140.840106,355.34,0,355.35,0,357.6
Coinbase,eth_usd,355.34,1601369140.840593,355.34,0,355.35,0,357.6
Coinbase,eth_usd,355.34,1601369140.841056,355.34,0,355.35,0,357.6
Coinbase,eth_usd,355.34,1601369140.841537,355.34,0,355.35,0,357.6
Coinbase,eth_usd,355.34,1601369140.841999,355.34,0,355.35,0,357.6
Coinbase,btc_eur,9209.59,1601369141.856865,9207.16,0,9209.59,0,9333.8
Coinbase,eth_usd,355.35,1601369142.646151,355.34,0,355.35,0,357.6
Coinbase,btc_usd,10734.66,1601369144.132886,10734.45,0,10735.42,0,10857.43
Coinbase,btc_usd,10734.45,1601369144.133534,10734.44,0,10735.42,0,10857.43
Coinbase,btc_usd,10734.44,1601369144.134034,10734.44,0,10735.42,0,10857.43
Coinbase,eth_usd,355.34,1601369145.882346,355.34,0,355.35,0,357.6
Coinbase,btc_eur,9207.16,1601369146.314098,9207.16,0,9209.59,0,9333.8
Coinbase,eth_usd,355.34,1601369146.813287,355.31,0,355.35,0,357.6
Coinbase,eth_eur,304.9,1601369147.215503,304.9,0,304.91,0,307.29
Coinbase,btc_eur,9208.49,1601369149.796727,9206.34,0,9208.49,0,9333.8
Coinbase,btc_usd,10734.77,1601369151.804483,10734.77,0,10734.87,0,10857.43
Coinbase,eth_usd,355.22,1601369153.698256,355.21,0,355.22,0,357.6
Coinbase,eth_usd,355.22,1601369153.701778,355.21,0,355.23,0,357.6
Coinbase,eth_usd,355.23,1601369153.702273,355.21,0,355.23,0,357.6
Coinbase,eth_usd,355.23,1601369153.702737,355.21,0,355.23,0,357.6
Coinbase,eth_usd,355.23,1601369153.703226,355.21,0,355.24,0,357.6
Coinbase,eth_usd,355.24,1601369153.70429,355.21,0,355.24,0,357.6
Coinbase,eth_usd,355.24,1601369153.728413,355.23,0,355.24,0,357.6
Coinbase,eth_usd,355.24,1601369153.943772,355.23,0,355.24,0,357.6
Coinbase,eth_usd,355.24,1601369154.029694,355.23,0,355.24,0,357.6
Coinbase,eth_usd,355.24,1601369154.032233,355.23,0,355.24,0,357.6
Coinbase,btc_eur,9206.34,1601369157.014418,9206.34,0,9208.49,0,9333.8
Coinbase,btc_usd,10734.87,1601369159.162715,10734.87,0,10734.88,0,10857.43
Coinbase,eth_usd,355.24,1601369159.498567,355.23,0,355.24,0,357.6
Coinbase,btc_usd,10734.88,1601369160.438323,10734.87,0,10734.88,0,10857.43
Coinbase,btc_eur,9206.34,1601369161.630078,9206.34,0,9208.49,0,9333.8
Coinbase,eth_eur,304.9,1601369161.903116,304.78,0,304.94,0,307.29
Coinbase,eth_eur,304.78,1601369161.903767,304.78,0,304.94,0,307.29
Coinbase,btc_eur,9208.49,1601369162.478751,9206.34,0,9208.49,0,9333.8
Coinbase,eth_usd,355.24,1601369164.241711,355.23,0,355.24,0,357.6
Coinbase,btc_eur,9206.34,1601369165.710688,9206.34,0,9208.49,0,9333.8
Coinbase,eth_usd,355.24,1601369166.214032,355.23,0,355.24,0,357.6
Coinbase,btc_usd,10734.77,1601369168.836351,10734.05,0,10734.78,0,10857.43
Coinbase,btc_usd,10734.05,1601369168.838992,10733.45,0,10734.78,0,10857.43
Coinbase,btc_usd,10733.45,1601369168.839494,10733.45,0,10734.78,0,10857.43
Coinbase,eth_usd,355.24,1601369175.323808,355.23,0,355.24,0,357.6
Coinbase,btc_eur,9208.48,1601369176.691558,9206.34,0,9208.48,0,9333.8
Coinbase,btc_eur,9208.48,1601369176.699376,9206.34,0,9208.48,0,9333.8
Coinbase,btc_eur,9208.48,1601369176.699875,9206.34,0,9208.49,0,9333.8
Coinbase,btc_eur,9208.49,1601369176.700345,9206.34,0,9208.49,0,9333.8
Coinbase,btc_usd,10734.74,1601369177.029865,10734.73,0,10734.74,0,10857.43
Coinbase,btc_eur,9208.76,1601369178.440013,9206.58,0,9208.77,0,9333.8
Coinbase,btc_eur,9208.77,1601369178.442634,9206.58,0,9208.77,0,9333.8
Coinbase,btc_usd,10734.21,1601369179.920083,10734.21,0,10734.75,0,10857.43
Coinbase,eth_usd,355.24,1601369180.865574,355.23,0,355.24,0,357.6
Coinbase,btc_usd,10733.82,1601369182.194013,10733.82,0,10734.67,0,10857.43
Coinbase,btc_eur,9208.6,1601369186.565509,9206.08,0,9208.6,0,9333.8
Coinbase,btc_eur,9206.62,1601369191.718501,9206.62,0,9208.76,0,9333.8
Coinbase,btc_eur,9208.72,1601369193.763786,9206.62,0,9208.72,0,9333.8
Coinbase,eth_usd,355.24,1601369196.390229,355.23,0,355.24,0,357.6
Coinbase,eth_eur,304.79,1601369196.708431,304.77,0,304.79,0,307.29
Coinbase,btc_eur,9206.62,1601369201.747991,9206.62,0,9208.53,0,9333.8
Coinbase,btc_eur,9208.52,1601369205.39231,9206.62,0,9208.52,0,9333.8
Coinbase,eth_usd,355.24,1601369205.976738,355.23,0,355.24,0,357.6
Coinbase,btc_eur,9208.52,1601369206.826203,9206.62,0,9208.77,0,9333.8
Coinbase,btc_eur,9208.77,1601369206.827624,9206.62,0,9208.77,0,9333.8
Coinbase,btc_eur,9208.76,1601369208.892361,9206.7,0,9208.77,0,9333.8
Coinbase,btc_eur,9208.77,1601369208.896885,9206.7,0,9208.77,0,9333.8
Coinbase,btc_usd,10734.77,1601369210.303819,10734.5,0,10734.77,0,10857.43
Coinbase,btc_eur,9206.7,1601369211.540494,9206.7,0,9208.52,0,9333.8
Coinbase,btc_eur,9206.7,1601369212.912023,9206.7,0,9208.48,0,9333.8
Coinbase,btc_eur,9205.24,1601369213.8664,9205.24,0,9206.56,0,9333.8
Coinbase,btc_usd,10734.5,1601369215.226758,10733.68,0,10734.5,0,10857.43
Coinbase,eth_eur,304.78,1601369221.438472,304.77,0,304.78,0,307.29
Coinbase,btc_usd,10734.59,1601369226.337224,10734.58,0,10734.59,0,10857.43
Coinbase,eth_eur,304.77,1601369227.488351,304.77,0,304.78,0,307.29
Coinbase,eth_eur,304.77,1601369227.777999,304.63,0,304.78,0,307.29
Coinbase,btc_usd,10732.28,1601369229.172446,10731.85,0,10732.28,0,10857.43
Coinbase,btc_eur,9202.73,1601369230.017548,9202.73,0,9203.97,0,9333.8
Coinbase,btc_usd,10731.46,1601369230.862698,10731.27,0,10732.42,0,10857.43
Coinbase,btc_usd,10731.27,1601369230.864057,10731.27,0,10732.42,0,10857.43
Coinbase,eth_eur,304.64,1601369233.968747,304.49,0,304.64,0,307.29
Coinbase,btc_usd,10731.84,1601369238.560128,10731.31,0,10731.84,0,10857.43
Coinbase,btc_usd,10731.86,1601369241.101118,10731.53,0,10731.86,0,10857.43
Coinbase,btc_usd,10731.86,1601369241.376496,10731.56,0,10731.86,0,10857.43
Coinbase,btc_eur,9203.95,1601369250.245757,9202.73,0,9203.95,0,9333.8
Coinbase,eth_eur,304.51,1601369250.803952,304.51,0,304.68,0,307.29
Coinbase,btc_eur,9203.97,1601369252.318076,9202.75,0,9203.97,0,9333.8
Coinbase,eth_usd,355.18,1601369254.463793,355.17,0,355.18,0,357.6
Coinbase,btc_usd,10731.4,1601369255.093613,10731.4,0,10731.79,0,10857.43
Coinbase,btc_usd,10731.79,1601369256.364747,10731.4,0,10731.79,0,10857.43
Coinbase,btc_usd,10731.4,1601369262.060573,10731.4,0,10731.79,0,10857.43
Coinbase,btc_eur,9204.8,1601369262.502843,9202.73,0,9204.8,0,9333.8
Coinbase,btc_usd,10731.42,1601369266.612478,10731.42,0,10731.43,0,10857.43
Coinbase,eth_usd,355.17,1601369266.975953,355.13,0,355.18,0,357.6
Coinbase,eth_usd,355.13,1601369267.320677,355.0,0,355.14,0,357.6
Coinbase,btc_usd,10731.08,1601369267.630501,10731.07,0,10731.08,0,10857.43
Coinbase,btc_usd,10730.01,1601369270.773826,10730.01,0,10730.02,0,10857.43
Coinbase,btc_usd,10730.01,1601369270.774494,10730.01,0,10730.02,0,10857.43
Coinbase,btc_usd,10730.02,1601369272.449909,10730.01,0,10730.02,0,10857.43
Coinbase,btc_usd,10730.02,1601369273.126675,10730.01,0,10730.02,0,10857.43
Coinbase,btc_usd,10730.02,1601369273.717251,10730.01,0,10730.02,0,10857.43
Coinbase,btc_usd,10730.02,1601369273.718439,10730.01,0,10730.02,0,10857.43
Coinbase,btc_usd,10730.02,1601369274.39004,10730.01,0,10730.02,0,10857.43
Coinbase,eth_eur,304.45,1601369276.074373,304.38,0,304.51,0,307.29
Coinbase,eth_eur,304.38,1601369276.074946,304.38,0,304.51,0,307.29
Coinbase,btc_eur,9204.41,1601369282.217796,9202.73,0,9204.41,0,9333.8
Coinbase,btc_usd,10730.02,1601369282.22683,10730.01,0,10730.02,0,10857.43
Coinbase,btc_eur,9202.73,1601369282.786755,9201.36,0,9204.41,0,9333.8
Coinbase,btc_eur,9202.73,1601369289.204265,9201.35,0,9203.35,0,9333.8
Coinbase,btc_eur,9203.35,1601369289.204882,9201.35,0,9203.35,0,9333.8
Coinbase,btc_usd,10730.02,1601369289.234924,10730.01,0,10730.02,0,10857.43
Coinbase,btc_usd,10730.02,1601369289.941512,10730.01,0,10730.02,0,10857.43
Coinbase,eth_usd,354.91,1601369290.327737,354.88,0,354.91,0,357.6
Coinbase,btc_eur,9203.36,1601369290.842392,9201.37,0,9204.4,0,9333.8
Coinbase,btc_eur,9204.4,1601369290.84308,9201.37,0,9204.4,0,9333.8
Coinbase,btc_eur,9203.75,1601369302.786457,9201.69,0,9203.75,0,9333.8
Coinbase,btc_usd,10730.02,1601369303.785902,10730.01,0,10730.02,0,10857.43
Coinbase,btc_eur,9203.75,1601369304.106203,9201.69,0,9203.75,0,9333.8
Coinbase,btc_usd,10730.02,1601369304.198538,10730.01,0,10730.02,0,10857.43
Coinbase,eth_eur,304.48,1601369307.240777,304.36,0,304.48,0,307.29
Coinbase,btc_usd,10730.02,1601369307.246833,10730.01,0,10730.02,0,10857.43
Coinbase,btc_usd,10730.02,1601369309.454931,10730.01,0,10730.02,0,10857.43
Coinbase,btc_usd,10730.02,1601369309.456593,10730.01,0,10730.02,0,10857.43
Coinbase,btc_eur,9203.08,1601369309.702715,9201.44,0,9203.08,0,9333.8
Coinbase,eth_usd,354.87,1601369310.441705,354.82,0,354.87,0,357.6
Coinbase,btc_usd,10730.01,1601369311.513964,10730.01,0,10730.02,0,10857.43
Coinbase,btc_usd,10730.01,1601369311.542346,10730.01,0,10730.02,0,10857.43
Coinbase,eth_eur,304.37,1601369311.556123,304.37,0,304.48,0,307.29
Coinbase,eth_usd,354.87,1601369311.566376,354.82,0,354.87,0,357.6
Coinbase,btc_usd,10730.01,1601369312.52614,10730.01,0,10730.02,0,10857.43
Coinbase,btc_usd,10730.01,1601369312.842233,10730.01,0,10730.02,0,10857.43
Coinbase,btc_usd,10730.02,1601369314.508582,10730.01,0,10730.02,0,10857.43
Coinbase,eth_usd,354.87,1601369316.191236,354.81,0,354.87,0,357.6
Coinbase,eth_usd,354.87,1601369316.191893,354.81,0,354.89,0,357.6
Coinbase,eth_usd,354.89,1601369316.193124,354.81,0,354.89,0,357.6
Coinbase,eth_usd,354.89,1601369316.193591,354.81,0,354.89,0,357.6
Coinbase,eth_usd,354.89,1601369316.225268,354.82,0,354.89,0,357.6
Coinbase,btc_usd,10730.02,1601369319.848686,10730.01,0,10730.02,0,10857.43
Coinbase,btc_eur,9201.59,1601369321.838369,9201.59,0,9202.8,0,9333.8
Coinbase,btc_usd,10730.02,1601369322.049842,10730.01,0,10730.02,0,10857.43
Coinbase,eth_eur,304.51,1601369325.89258,304.4,0,304.51,0,307.29
Coinbase,btc_usd,10728.95,1601369327.928485,10728.94,0,10728.95,0,10857.43
Coinbase,eth_usd,354.86,1601369329.380895,354.85,0,354.86,0,357.6
Coinbase,btc_eur,9203.03,1601369329.667769,9201.56,0,9203.04,0,9333.8
Coinbase,btc_eur,9203.04,1601369329.670319,9201.56,0,9203.09,0,9333.8
Coinbase,btc_eur,9203.09,1601369329.670809,9201.56,0,9204.4,0,9333.8
Coinbase,btc_eur,9204.4,1601369329.671297,9201.56,0,9204.98,0,9333.8
Coinbase,btc_eur,9204.79,1601369329.717816,9204.79,0,9204.98,0,9333.8
Coinbase,btc_eur,9204.79,1601369329.752516,9204.79,0,9204.97,0,9333.8
Coinbase,btc_eur,9204.93,1601369330.854369,9204.79,0,9204.93,0,9333.8
Coinbase,eth_usd,354.86,1601369331.285279,354.85,0,354.86,0,357.6
Coinbase,btc_eur,9204.79,1601369331.58391,9201.68,0,9204.93,0,9333.8
Coinbase,btc_eur,9201.68,1601369331.585179,9201.68,0,9204.93,0,9333.8
Coinbase,btc_usd,10728.95,1601369331.87581,10728.94,0,10728.95,0,10857.43
Coinbase,eth_usd,354.85,1601369332.432932,354.85,0,354.86,0,357.6
Coinbase,btc_usd,10728.95,1601369332.770092,10728.94,0,10728.95,0,10857.43
Coinbase,eth_usd,354.86,1601369333.886504,354.85,0,354.86,0,357.6
Coinbase,btc_eur,9204.65,1601369336.597032,9202.06,0,9204.65,0,9333.8
Coinbase,eth_usd,354.82,1601369338.941556,354.8,0,354.82,0,357.6
Coinbase,eth_usd,354.81,1601369339.046457,354.8,0,354.81,0,357.6
Coinbase,btc_eur,9204.65,1601369340.488383,9202.52,0,9204.65,0,9333.8
Coinbase,eth_usd,354.82,1601369340.705921,354.79,0,354.86,0,357.6
Coinbase,eth_usd,354.86,1601369340.707653,354.79,0,354.86,0,357.6
Coinbase,eth_usd,354.73,1601369342.534587,354.71,0,354.78,0,357.6
Coinbase,eth_usd,354.71,1601369342.539341,354.7,0,354.78,0,357.6
Coinbase,eth_usd,354.7,1601369342.544562,354.69,0,354.78,0,357.6
Coinbase,eth_usd,354.69,1601369342.609914,354.63,0,354.76,0,357.6
Coinbase,eth_usd,354.63,1601369342.617597,354.6,0,354.76,0,357.6
Coinbase,btc_eur,9201.57,1601369343.005048,9201.57,0,9204.65,0,9333.8
Coinbase,eth_eur,304.38,1601369344.133223,304.14,0,304.39,0,307.29
Coinbase,eth_eur,304.39,1601369344.134497,304.14,0,304.39,0,307.29
Coinbase,btc_usd,10728.95,1601369350.47098,10728.94,0,10728.95,0,10857.43
Coinbase,btc_usd,10728.94,1601369350.946252,10728.94,0,10728.95,0,10857.43
Coinbase,btc_usd,10728.94,1601369350.965992,10725.03,0,10728.95,0,10857.43
Coinbase,eth_usd,354.62,1601369354.617565,354.49,0,354.62,0,357.6
Coinbase,btc_usd,10727.25,1601369355.15815,10726.21,0,10727.25,0,10857.43
Coinbase,btc_eur,9201.36,1601369355.973469,9201.36,0,9204.17,0,9333.8
Coinbase,btc_usd,10726.97,1601369359.804973,10726.06,0,10726.97,0,10857.43
Coinbase,eth_usd,354.59,1601369361.887355,354.5,0,354.59,0,357.6
Coinbase,btc_usd,10726.93,1601369362.007499,10725.94,0,10726.93,0,10857.43
Coinbase,eth_eur,304.09,1601369362.267029,304.09,0,304.29,0,307.29
Coinbase,btc_usd,10726.93,1601369363.486438,10726.0,0,10726.93,0,10857.43
Coinbase,btc_usd,10726,1601369363.896173,10725.99,0,10726.93,0,10857.43
Coinbase,btc_usd,10725.99,1601369363.898776,10725.99,0,10726.93,0,10857.43
Coinbase,btc_usd,10725.67,1601369366.627092,10725.67,0,10726.84,0,10857.43
Coinbase,eth_eur,304.28,1601369366.709225,304.09,0,304.28,0,307.29
Coinbase,eth_eur,304.28,1601369366.913808,304.09,0,304.28,0,307.29
Coinbase,eth_eur,304.28,1601369366.914324,304.09,0,304.28,0,307.29
Coinbase,btc_usd,10726.56,1601369367.81121,10725.66,0,10726.56,0,10857.43
Coinbase,btc_usd,10726.55,1601369373.090423,10725.77,0,10726.55,0,10857.43
Coinbase,btc_usd,10726.55,1601369373.091095,10725.77,0,10726.55,0,10857.43
Coinbase,btc_usd,10726.48,1601369377.411206,10725.84,0,10726.48,0,10857.43
Coinbase,btc_usd,10725.84,1601369377.641621,10725.84,0,10726.49,0,10857.43
Coinbase,eth_usd,354.5,1601369379.701891,354.5,0,354.56,0,357.6
Coinbase,btc_eur,9201.35,1601369380.860168,9201.35,0,9203.41,0,9333.8
Coinbase,btc_eur,9202.58,1601369381.036598,9201.35,0,9203.55,0,9333.8
Coinbase,btc_eur,9203.55,1601369381.037191,9201.35,0,9203.56,0,9333.8
Coinbase,btc_eur,9203.56,1601369381.037647,9201.35,0,9203.56,0,9333.8
Coinbase,btc_eur,9201.35,1601369382.08456,9201.35,0,9203.59,0,9333.8
Coinbase,btc_eur,9204.42,1601369383.3279,9201.62,0,9204.43,0,9333.8
Coinbase,btc_eur,9204.43,1601369383.334898,9201.62,0,9204.43,0,9333.8
Coinbase,btc_eur,9204.43,1601369383.335361,9201.62,0,9204.43,0,9333.8
Coinbase,btc_usd,10725.84,1601369383.373592,10725.84,0,10725.85,0,10857.43
Coinbase,eth_eur,304.27,1601369387.702958,304.16,0,304.27,0,307.29
Coinbase,eth_usd,354.57,1601369388.180994,354.53,0,354.57,0,357.6
Coinbase,btc_usd,10725.85,1601369388.64092,10725.84,0,10725.85,0,10857.43
Coinbase,btc_usd,10725.85,1601369389.393196,10725.84,0,10725.85,0,10857.43
Coinbase,eth_usd,354.58,1601369389.653169,354.53,0,354.58,0,357.6
Coinbase,btc_eur,9204.2,1601369393.007471,9201.36,0,9204.25,0,9333.8
Coinbase,btc_eur,9204.25,1601369393.008149,9201.36,0,9204.25,0,9333.8
Coinbase,btc_usd,10725.85,1601369393.198998,10725.84,0,10725.85,0,10857.43
Coinbase,eth_usd,354.57,1601369394.603411,354.49,0,354.57,0,357.6
Coinbase,btc_usd,10725.85,1601369394.653182,10725.84,0,10725.85,0,10857.43
Coinbase,btc_usd,10725.85,1601369394.653977,10725.84,0,10725.85,0,10857.43
Coinbase,btc_usd,10725.85,1601369394.654469,10725.84,0,10725.85,0,10857.43
Coinbase,btc_eur,9202.07,1601369394.763009,9202.07,0,9204.03,0,9333.8
Coinbase,btc_usd,10725.85,1601369396.121482,10725.84,0,10725.85,0,10857.43
Coinbase,btc_usd,10725.85,1601369396.124175,10725.84,0,10725.85,0,10857.43
Coinbase,btc_usd,10725.85,1601369397.179661,10725.84,0,10725.85,0,10857.43
Coinbase,btc_usd,10725.85,1601369397.573569,10725.84,0,10725.85,0,10857.43
Coinbase,btc_usd,10725.84,1601369399.878175,10725.84,0,10725.85,0,10857.43
Coinbase,btc_eur,9201.56,1601369400.850193,9201.56,0,9203.55,0,9333.8
Coinbase,btc_eur,9201.56,1601369402.002706,9201.56,0,9203.55,0,9333.8
Coinbase,btc_eur,9203.53,1601369407.248823,9201.56,0,9203.53,0,9333.8
Coinbase,btc_eur,9203.53,1601369407.249835,9201.56,0,9203.53,0,9333.8
Coinbase,eth_eur,304.29,1601369408.555649,304.11,0,304.29,0,307.29
Coinbase,btc_usd,10725.87,1601369409.074498,10725.86,0,10725.87,0,10857.43
Coinbase,btc_usd,10725.87,1601369410.717871,10725.86,0,10725.87,0,10857.43
Coinbase,btc_usd,10725.87,1601369410.718466,10725.86,0,10725.87,0,10857.43
Coinbase,eth_usd,354.57,1601369412.176656,354.56,0,354.59,0,357.6
Coinbase,eth_usd,354.59,1601369412.180102,354.56,0,354.59,0,357.6
Coinbase,btc_usd,10725.87,1601369413.212671,10725.86,0,10725.87,0,10857.43
Coinbase,eth_usd,354.59,1601369413.718898,354.58,0,354.59,0,357.6
Coinbase,eth_eur,304.16,1601369417.357905,304.16,0,304.28,0,307.29
Coinbase,btc_eur,9204.88,1601369421.788158,9202.62,0,9204.88,0,9333.8
Coinbase,eth_usd,354.56,1601369421.931518,354.55,0,354.59,0,357.6
Coinbase,eth_usd,354.59,1601369421.934257,354.55,0,354.59,0,357.6
Coinbase,eth_usd,354.59,1601369421.934753,354.55,0,354.59,0,357.6
Coinbase,eth_usd,354.59,1601369421.935256,354.55,0,354.6,0,357.6
Coinbase,eth_usd,354.6,1601369421.936501,354.55,0,354.6,0,357.6
Coinbase,eth_usd,354.6,1601369421.937,354.55,0,354.61,0,357.6
Coinbase,btc_usd,10725.86,1601369422.666534,10725.86,0,10725.87,0,10857.43
Coinbase,btc_usd,10725.87,1601369423.427903,10725.86,0,10725.87,0,10857.43
Coinbase,btc_usd,10725.86,1601369427.625704,10725.86,0,10725.87,0,10857.43
Coinbase,btc_usd,10725.87,1601369429.809163,10725.86,0,10725.87,0,10857.43
Coinbase,btc_usd,10725.72,1601369434.034867,10725.13,0,10725.72,0,10857.43
Coinbase,btc_usd,10725.59,1601369437.091167,10724.81,0,10725.59,0,10857.43
Coinbase,btc_usd,10725.58,1601369438.596748,10725.57,0,10725.58,0,10857.43
Coinbase,eth_eur,304.11,1601369442.063586,304.1,0,304.17,0,307.29
Coinbase,eth_eur,304.1,1601369442.064853,304.1,0,304.17,0,307.29
Coinbase,eth_eur,304.13,1601369446.776065,304.13,0,304.18,0,307.29
Coinbase,btc_usd,10725.73,1601369446.78673,10725.72,0,10725.73,0,10857.43
Coinbase,btc_usd,10725.73,1601369446.788036,10725.72,0,10725.73,0,10857.43
Coinbase,eth_usd,354.57,1601369450.873859,354.49,0,354.57,0,357.6
Coinbase,btc_eur,9201.89,1601369452.047504,9201.89,0,9203.95,0,9333.8
Coinbase,eth_eur,304.14,1601369452.970779,304.14,0,304.24,0,307.29
Coinbase,btc_eur,9204.09,1601369460.495892,9201.89,0,9204.1,0,9333.8
Coinbase,btc_eur,9204.1,1601369460.497235,9201.89,0,9204.55,0,9333.8
Coinbase,btc_eur,9204.55,1601369460.500195,9201.89,0,9204.62,0,9333.8
Coinbase,btc_eur,9204.62,1601369460.500687,9201.89,0,9204.9,0,9333.8
Coinbase,btc_eur,9204.9,1601369460.504353,9201.89,0,9205.91,0,9333.8
Coinbase,btc_eur,9205.91,1601369460.504977,9201.89,0,9206.02,0,9333.8
Coinbase,btc_eur,9206.02,1601369460.505467,9201.89,0,9206.26,0,9333.8
Coinbase,btc_eur,9206.26,1601369460.505949,9201.89,0,9206.26,0,9333.8
Coinbase,btc_usd,10725.72,1601369460.761772,10725.72,0,10725.73,0,10857.43
Coinbase,eth_usd,354.56,1601369462.222392,354.43,0,354.56,0,357.6
Coinbase,btc_usd,10725.73,1601369464.696232,10725.72,0,10725.73,0,10857.43
Coinbase,btc_eur,9202.74,1601369470.067371,9201.91,0,9205.18,0,9333.8
Coinbase,btc_eur,9201.91,1601369470.068013,9201.91,0,9205.18,0,9333.8
Coinbase,btc_usd,10725.73,1601369471.586114,10725.72,0,10725.75,0,10857.43
Coinbase,btc_usd,10725.75,1601369471.592637,10725.72,0,10725.75,0,10857.43
Coinbase,btc_eur,9204.9,1601369472.806081,9201.92,0,9204.9,0,9333.8
Coinbase,eth_usd,354.57,1601369473.012822,354.47,0,354.57,0,357.6
Coinbase,btc_eur,9205.1,1601369477.608721,9202.57,0,9205.1,0,9333.8
Coinbase,btc_usd,10725.61,1601369477.81883,10725.61,0,10725.62,0,10857.43
Coinbase,btc_usd,10725.62,1601369478.704043,10724.97,0,10725.62,0,10857.43
Coinbase,btc_usd,10725.62,1601369478.704781,10724.97,0,10725.62,0,10857.43
Coinbase,btc_usd,10725.62,1601369478.705899,10724.97,0,10725.62,0,10857.43
Coinbase,btc_eur,9204.62,1601369479.880502,9202.04,0,9204.62,0,9333.8
Coinbase,eth_usd,354.48,1601369481.652006,354.48,0,354.57,0,357.6
Coinbase,btc_usd,10725.64,1601369483.385845,10725.63,0,10725.64,0,10857.43
Coinbase,btc_usd,10725.64,1601369483.793181,10725.63,0,10725.64,0,10857.43
Coinbase,eth_usd,354.44,1601369485.099344,354.44,0,354.57,0,357.6
Coinbase,btc_eur,9202.04,1601369487.203202,9202.04,0,9204.41,0,9333.8
Coinbase,eth_eur,304.18,1601369488.273169,304.18,0,304.24,0,307.29
Coinbase,eth_usd,354.53,1601369490.444802,354.43,0,354.53,0,357.6
Coinbase,btc_usd,10725.58,1601369492.752607,10725.57,0,10725.58,0,10857.43
Coinbase,eth_usd,354.5,1601369494.037339,354.5,0,354.58,0,357.6
Coinbase,btc_usd,10725.58,1601369496.74889,10725.57,0,10725.58,0,10857.43
Coinbase,btc_usd,10725.58,1601369496.751534,10725.57,0,10725.6,0,10857.43
Coinbase,btc_usd,10725.6,1601369496.752027,10725.57,0,10725.6,0,10857.43
Coinbase,btc_usd,10725.6,1601369496.753122,10725.57,0,10725.61,0,10857.43
Coinbase,btc_usd,10725.61,1601369496.757501,10725.57,0,10725.61,0,10857.43
Coinbase,btc_usd,10725.61,1601369496.799694,10725.6,0,10725.61,0,10857.43
Coinbase,eth_usd,354.55,1601369499.888578,354.46,0,354.55,0,357.6
Coinbase,btc_usd,10725.57,1601369500.121187,10724.81,0,10725.59,0,10857.43
Coinbase,btc_eur,9201.52,1601369500.719487,9201.52,0,9205.02,0,9333.8
Coinbase,btc_usd,10723.9,1601369503.745878,10723.9,0,10723.91,0,10857.43
Coinbase,btc_eur,9201.35,1601369504.674385,9201.35,0,9204.08,0,9333.8
Coinbase,eth_usd,354.49,1601369505.59156,354.4,0,354.49,0,357.6
Coinbase,btc_usd,10723.29,1601369506.514714,10723.28,0,10723.29,0,10857.43
Coinbase,btc_eur,9201.35,1601369507.506767,9201.35,0,9203.85,0,9333.8
Coinbase,btc_usd,10723.15,1601369510.793249,10723.15,0,10723.16,0,10857.43
Coinbase,btc_eur,9203.73,1601369511.49647,9201.35,0,9203.73,0,9333.8
Coinbase,btc_usd,10723.16,1601369514.169299,10723.15,0,10723.16,0,10857.43
Coinbase,btc_eur,9203.97,1601369515.186656,9201.35,0,9203.97,0,9333.8
Coinbase,eth_usd,354.48,1601369515.607988,354.4,0,354.48,0,357.6
Coinbase,btc_usd,10723.86,1601369520.736703,10723.86,0,10723.87,0,10857.43
Coinbase,btc_usd,10723.88,1601369521.836575,10723.18,0,10723.88,0,10857.43
Coinbase,btc_eur,9202.56,1601369524.114196,9201.35,0,9202.56,0,9333.8
Coinbase,eth_usd,354.48,1601369526.520262,354.38,0,354.48,0,357.6
Coinbase,btc_usd,10723.84,1601369526.744148,10723.17,0,10723.84,0,10857.43
Coinbase,btc_usd,10723.18,1601369528.8965,10723.17,0,10723.18,0,10857.43
Coinbase,btc_eur,9201.35,1601369529.056095,9201.35,0,9202.54,0,9333.8
Coinbase,eth_usd,354.42,1601369529.480583,354.36,0,354.44,0,357.6
Coinbase,eth_usd,354.44,1601369529.484989,354.36,0,354.44,0,357.6
Coinbase,eth_usd,354.44,1601369529.485507,354.36,0,354.45,0,357.6
Coinbase,eth_usd,354.45,1601369529.48599,354.36,0,354.46,0,357.6
Coinbase,eth_usd,354.46,1601369529.486473,354.36,0,354.46,0,357.6
Coinbase,btc_usd,10723.03,1601369531.212285,10723.02,0,10723.03,0,10857.43
Coinbase,eth_eur,304.18,1601369532.114425,304.15,0,304.25,0,307.29
Coinbase,eth_eur,304.15,1601369532.115716,304.15,0,304.25,0,307.29
Coinbase,btc_usd,10723.03,1601369533.74282,10723.02,0,10723.03,0,10857.43
Coinbase,btc_usd,10723.02,1601369535.562261,10723.02,0,10723.03,0,10857.43
Coinbase,btc_usd,10723.02,1601369535.562951,10723.02,0,10723.03,0,10857.43
Coinbase,btc_usd,10723.03,1601369535.724591,10723.02,0,10723.04,0,10857.43
Coinbase,btc_usd,10723.04,1601369535.725302,10723.02,0,10723.04,0,10857.43
Coinbase,btc_eur,9201.35,1601369537.524037,9201.35,0,9201.94,0,9333.8
Coinbase,btc_usd,10723,1601369537.720997,10722.52,0,10723.0,0,10857.43
Coinbase,btc_usd,10722.53,1601369538.994443,10722.51,0,10722.9,0,10857.43
Coinbase,btc_usd,10722.51,1601369538.995093,10721.44,0,10722.9,0,10857.43
Coinbase,btc_usd,10721.44,1601369538.995555,10721.4,0,10722.9,0,10857.43
Coinbase,btc_usd,10721.4,1601369538.996037,10721.35,0,10722.9,0,10857.43
Coinbase,btc_usd,10721.35,1601369538.996497,10721.0,0,10722.9,0,10857.43
Coinbase,btc_usd,10721,1601369538.996978,10721.0,0,10722.9,0,10857.43
Coinbase,btc_usd,10721,1601369538.997473,10721.0,0,10722.9,0,10857.43
Coinbase,btc_usd,10721,1601369538.997989,10720.28,0,10722.9,0,10857.43
Coinbase,btc_usd,10720.28,1601369538.998468,10720.28,0,10722.9,0,10857.43
Coinbase,btc_eur,9201.35,1601369542.335438,9201.14,0,9201.9,0,9333.8
Coinbase,btc_eur,9201.14,1601369542.337545,9201.14,0,9201.9,0,9333.8
Coinbase,eth_eur,304.24,1601369543.216509,304.15,0,304.24,0,307.29
Coinbase,btc_usd,10722.09,1601369543.792124,10721.75,0,10722.09,0,10857.43
Coinbase,eth_usd,354.45,1601369543.94584,354.37,0,354.45,0,357.6
Coinbase,eth_usd,354.37,1601369544.018332,354.37,0,354.45,0,357.6
Coinbase,btc_usd,10722.08,1601369545.160048,10721.87,0,10722.08,0,10857.43
Coinbase,btc_usd,10722.09,1601369545.735997,10722.08,0,10722.09,0,10857.43
Coinbase,eth_usd,354.5,1601369546.682792,354.39,0,354.5,0,357.6
Coinbase,btc_usd,10722.09,1601369547.736391,10722.08,0,10722.09,0,10857.43
Coinbase,btc_eur,9201.88,1601369550.063872,9201.14,0,9201.88,0,9333.8
Coinbase,btc_eur,9201.14,1601369553.467555,9201.0,0,9202.11,0,9333.8
Coinbase,btc_eur,9201,1601369553.4697,9200.18,0,9202.11,0,9333.8
Coinbase,btc_eur,9200.18,1601369553.470277,9200.18,0,9202.11,0,9333.8
Coinbase,btc_eur,9202.04,1601369553.822507,9200.19,0,9202.04,0,9333.8
Coinbase,btc_usd,10722.09,1601369554.039987,10722.08,0,10722.09,0,10857.43
Coinbase,btc_usd,10722.08,1601369554.730867,10722.08,0,10722.09,0,10857.43
Coinbase,btc_eur,9201.77,1601369558.218707,9200.0,0,9201.77,0,9333.8
Coinbase,eth_usd,354.52,1601369559.326899,354.51,0,354.52,0,357.6
Coinbase,eth_usd,354.52,1601369559.375763,354.51,0,354.52,0,357.6
Coinbase,eth_usd,354.52,1601369559.377036,354.51,0,354.52,0,357.6
Coinbase,eth_eur,304.29,1601369559.389551,304.21,0,304.29,0,307.29
Coinbase,eth_usd,354.52,1601369559.620054,354.51,0,354.52,0,357.6
Coinbase,eth_usd,354.52,1601369559.621676,354.51,0,354.53,0,357.6
Coinbase,eth_usd,354.53,1601369559.70631,354.52,0,354.54,0,357.6
Coinbase,eth_usd,354.53,1601369559.846805,354.52,0,354.53,0,357.6
Coinbase,eth_usd,354.53,1601369559.862815,354.52,0,354.53,0,357.6
Coinbase,eth_usd,354.53,1601369559.863976,354.52,0,354.53,0,357.6
Coinbase,eth_usd,354.53,1601369559.876683,354.52,0,354.53,0,357.6
Coinbase,eth_usd,354.53,1601369561.533995,354.52,0,354.53,0,357.6
Coinbase,eth_usd,354.53,1601369561.534708,354.52,0,354.53,0,357.6
Coinbase,btc_usd,10722.09,1601369562.762393,10722.08,0,10722.09,0,10857.43
Coinbase,btc_usd,10722.09,1601369562.766598,10722.08,0,10722.1,0,10857.43
Coinbase,btc_usd,10722.1,1601369562.767601,10722.08,0,10722.1,0,10857.43
Coinbase,eth_usd,354.53,1601369564.566184,354.52,0,354.53,0,357.6
Coinbase,btc_usd,10722.1,1601369564.764169,10722.09,0,10722.1,0,10857.43
Coinbase,btc_eur,9201.93,1601369566.26081,9200.69,0,9201.93,0,9333.8
Coinbase,eth_usd,354.53,1601369566.322587,354.52,0,354.53,0,357.6
Coinbase,eth_usd,354.53,1601369568.082298,354.52,0,354.53,0,357.6
Coinbase,eth_usd,354.53,1601369568.515536,354.52,0,354.53,0,357.6
Coinbase,btc_eur,9200.69,1601369569.679954,9200.69,0,9201.93,0,9333.8
Coinbase,btc_eur,9200.69,1601369570.462418,9200.69,0,9201.93,0,9333.8
Coinbase,eth_usd,354.52,1601369570.745224,354.52,0,354.53,0,357.6
Coinbase,eth_eur,304.28,1601369572.20265,304.28,0,304.3,0,307.29
Coinbase,eth_usd,354.53,1601369572.449205,354.52,0,354.53,0,357.6
Coinbase,eth_usd,354.53,1601369572.763569,354.52,0,354.53,0,357.6
Coinbase,eth_usd,354.53,1601369575.813274,354.52,0,354.53,0,357.6
Coinbase,eth_usd,354.53,1601369576.373868,354.52,0,354.53,0,357.6
Coinbase,btc_eur,9201.24,1601369577.535613,9201.24,0,9202.54,0,9333.8
Coinbase,eth_usd,354.53,1601369579.827486,354.52,0,354.53,0,357.6
Coinbase,btc_eur,9202.55,1601369580.252215,9201.24,0,9202.55,0,9333.8
Coinbase,btc_usd,10722.1,1601369580.478755,10722.09,0,10722.1,0,10857.43
Coinbase,eth_usd,354.53,1601369580.628458,354.52,0,354.53,0,357.6
Coinbase,eth_usd,354.53,1601369580.646159,354.52,0,354.53,0,357.6
Coinbase,btc_usd,10722.1,1601369582.562205,10722.09,0,10722.1,0,10857.43
Coinbase,eth_eur,304.3,1601369584.367862,304.29,0,304.45,0,307.29
Coinbase,eth_eur,304.45,1601369584.368563,304.29,0,304.45,0,307.29
Coinbase,eth_eur,304.45,1601369584.369069,304.29,0,304.45,0,307.29
Coinbase,eth_eur,304.35,1601369585.340791,304.35,0,304.48,0,307.29
Coinbase,btc_eur,9202.54,1601369586.078534,9201.24,0,9202.54,0,9333.8
Coinbase,eth_eur,304.48,1601369586.310099,304.35,0,304.48,0,307.29
Coinbase,eth_eur,304.48,1601369586.311834,304.35,0,304.48,0,307.29
Coinbase,btc_eur,9202.55,1601369588.298646,9201.78,0,9202.55,0,9333.8
Coinbase,eth_usd,354.53,1601369588.885252,354.52,0,354.53,0,357.6
Coinbase,btc_usd,10722.1,1601369589.521522,10722.09,0,10722.1,0,10857.43
Coinbase,eth_usd,354.53,1601369591.972395,354.52,0,354.53,0,357.6
Coinbase,btc_eur,9201.65,1601369632.805577,9200.01,0,9201.65,0,9333.8
Coinbase,eth_usd,354.53,1601369632.806385,354.52,0,354.53,0,357.6
Coinbase,btc_usd,10722.1,1601369632.806923,10722.09,0,10722.1,0,10857.43
Coinbase,eth_eur,304.42,1601369632.807414,304.28,0,304.42,0,307.29
Coinbase,btc_eur,9200.01,1601369633.935666,9200.01,0,9201.61,0,9333.8
Coinbase,eth_usd,354.53,1601369635.150326,354.52,0,354.53,0,357.6
Coinbase,eth_usd,354.52,1601369637.290047,354.52,0,354.53,0,357.6
Coinbase,btc_usd,10722.1,1601369637.842183,10722.09,0,10722.1,0,10857.43
Coinbase,btc_usd,10722.1,1601369637.922708,10722.09,0,10722.1,0,10857.43
Coinbase,btc_usd,10722.09,1601369639.0747,10722.09,0,10722.1,0,10857.43
Coinbase,btc_usd,10722.09,1601369639.078318,10722.09,0,10722.1,0,10857.43
Coinbase,btc_usd,10722.09,1601369639.079069,10722.09,0,10722.1,0,10857.43
Coinbase,eth_usd,354.53,1601369639.554523,354.52,0,354.53,0,357.6
Coinbase,eth_usd,354.53,1601369639.727339,354.52,0,354.53,0,357.6
Coinbase,eth_usd,354.53,1601369640.655744,354.52,0,354.53,0,357.6
Coinbase,eth_usd,354.53,1601369640.664816,354.52,0,354.53,0,357.6
Coinbase,eth_usd,354.53,1601369640.675496,354.52,0,354.53,0,357.6
Coinbase,eth_usd,354.53,1601369640.70076,354.52,0,354.53,0,357.6
Coinbase,eth_usd,354.53,1601369640.702338,354.52,0,354.53,0,357.6
Coinbase,eth_usd,354.53,1601369640.702847,354.52,0,354.54,0,357.6
Coinbase,eth_usd,354.54,1601369640.755424,354.52,0,354.73,0,357.6
Coinbase,eth_usd,354.76,1601369641.140734,354.75,0,354.76,0,357.6
Coinbase,eth_usd,354.76,1601369641.219106,354.75,0,354.76,0,357.6
Coinbase,eth_usd,354.76,1601369641.259018,354.75,0,354.76,0,357.6
Coinbase,eth_usd,354.76,1601369641.262463,354.75,0,354.76,0,357.6
Coinbase,eth_usd,354.76,1601369641.302502,354.75,0,354.76,0,357.6
Coinbase,eth_usd,354.76,1601369641.362305,354.75,0,354.76,0,357.6
Coinbase,eth_usd,354.76,1601369641.374238,354.75,0,354.76,0,357.6
Coinbase,eth_usd,354.76,1601369641.383038,354.75,0,354.76,0,357.6
Coinbase,eth_usd,354.76,1601369641.387017,354.75,0,354.76,0,357.6
Coinbase,eth_usd,354.76,1601369641.402131,354.75,0,354.76,0,357.6
Coinbase,eth_usd,354.76,1601369641.404041,354.75,0,354.76,0,357.6
Coinbase,eth_usd,354.76,1601369641.410256,354.75,0,354.76,0,357.6
Coinbase,eth_usd,354.76,1601369641.419444,354.75,0,354.76,0,357.6
Coinbase,eth_usd,354.76,1601369641.424396,354.75,0,354.76,0,357.6
Coinbase,eth_usd,354.76,1601369641.4477,354.75,0,354.76,0,357.6
Coinbase,eth_usd,354.76,1601369641.537755,354.75,0,354.84,0,357.6
Coinbase,btc_eur,9200.17,1601369642.076556,9200.17,0,9201.82,0,9333.8
Coinbase,btc_eur,9202.37,1601369645.099969,9201.0,0,9202.37,0,9333.8
Coinbase,btc_usd,10722.09,1601369646.107026,10722.09,0,10722.1,0,10857.43
Coinbase,btc_eur,9201.04,1601369646.39874,9201.04,0,9202.25,0,9333.8
Coinbase,btc_eur,9201.04,1601369647.026871,9201.04,0,9202.2,0,9333.8
Coinbase,btc_usd,10722.09,1601369649.85298,10722.09,0,10722.1,0,10857.43
Coinbase,eth_eur,304.5,1601369652.086113,304.5,0,304.62,0,307.29
Coinbase,btc_usd,10722.09,1601369652.751746,10722.09,0,10722.1,0,10857.43
Coinbase,btc_eur,9201.16,1601369653.259906,9201.16,0,9202.52,0,9333.8
Coinbase,btc_usd,10722.1,1601369653.499332,10722.09,0,10722.1,0,10857.43
Coinbase,btc_usd,10722.1,1601369654.565534,10722.09,0,10722.1,0,10857.43
Coinbase,btc_usd,10722.1,1601369655.104647,10722.09,0,10722.1,0,10857.43
Coinbase,btc_usd,10722.1,1601369657.274644,10722.09,0,10722.1,0,10857.43
Coinbase,btc_usd,10722.1,1601369659.348766,10722.09,0,10722.1,0,10857.43
Coinbase,btc_eur,9202.06,1601369661.042546,9200.35,0,9202.06,0,9333.8
Coinbase,eth_usd,354.95,1601369663.692972,354.94,0,354.95,0,357.6
Coinbase,btc_usd,10722.1,1601369663.79095,10722.09,0,10722.1,0,10857.43
Coinbase,btc_eur,9202.16,1601369663.81598,9200.59,0,9202.16,0,9333.8
Coinbase,btc_usd,10722.1,1601369666.471697,10722.09,0,10722.1,0,10857.43
Coinbase,eth_usd,354.95,1601369666.57693,354.93,0,354.95,0,357.6
Coinbase,btc_usd,10722.1,1601369667.309827,10722.09,0,10722.1,0,10857.43
Coinbase,btc_usd,10722.09,1601369669.806089,10722.09,0,10722.1,0,10857.43
Coinbase,btc_usd,10722.09,1601369669.806767,10722.09,0,10722.1,0,10857.43
Coinbase,btc_usd,10722.1,1601369671.387442,10722.09,0,10722.1,0,10857.43
Coinbase,btc_eur,9202.0,1601369672.910582,9200.59,0,9202.0,0,9333.8
Coinbase,btc_usd,10722.1,1601369674.034616,10722.09,0,10722.1,0,10857.43
Coinbase,btc_usd,10722.1,1601369676.531766,10722.09,0,10722.1,0,10857.43
Coinbase,eth_eur,304.62,1601369677.330463,304.49,0,304.62,0,307.29
Coinbase,btc_usd,10722.1,1601369677.716259,10722.09,0,10722.1,0,10857.43
Coinbase,eth_usd,354.95,1601369677.845169,354.94,0,354.95,0,357.6
Coinbase,eth_usd,354.95,1601369686.485858,354.94,0,354.95,0,357.6
Coinbase,eth_usd,354.95,1601369687.257089,354.94,0,354.96,0,357.6
Coinbase,eth_usd,354.96,1601369687.258366,354.94,0,354.96,0,357.6
Coinbase,eth_usd,354.96,1601369687.260782,354.94,0,354.96,0,357.6
Coinbase,eth_usd,354.96,1601369687.262011,354.94,0,354.96,0,357.6
Coinbase,eth_usd,354.96,1601369687.262758,354.94,0,354.97,0,357.6
Coinbase,eth_eur,304.62,1601369688.661368,304.55,0,304.62,0,307.29
Coinbase,btc_usd,10722.1,1601369693.10276,10722.09,0,10722.1,0,10857.43
Coinbase,btc_eur,9201.04,1601369693.375853,9201.04,0,9202.21,0,9333.8
Coinbase,eth_usd,354.95,1601369696.757513,354.9,0,354.96,0,357.6
Coinbase,btc_eur,9201.59,1601369696.869853,9200.03,0,9201.59,0,9333.8
Coinbase,btc_eur,9201.54,1601369697.214201,9200.0,0,9201.54,0,9333.8
Coinbase,eth_eur,304.62,1601369698.40716,304.46,0,304.62,0,307.29
Coinbase,eth_eur,304.62,1601369698.407817,304.46,0,304.62,0,307.29
Coinbase,eth_eur,304.62,1601369700.64236,304.47,0,304.62,0,307.29
Coinbase,btc_usd,10722.1,1601369700.651942,10722.09,0,10722.1,0,10857.43
Coinbase,btc_eur,9200.0,1601369700.661942,9200.0,0,9201.33,0,9333.8
Coinbase,btc_eur,9200.0,1601369701.175816,9198.96,0,9201.33,0,9333.8
Coinbase,btc_eur,9198.96,1601369701.176366,9198.96,0,9201.33,0,9333.8
Coinbase,btc_usd,10722.1,1601369701.195817,10722.09,0,10722.1,0,10857.43
Coinbase,btc_eur,9199.01,1601369701.369556,9199.01,0,9201.28,0,9333.8
Coinbase,btc_usd,10722.1,1601369701.653981,10722.09,0,10722.1,0,10857.43
Coinbase,btc_usd,10722.1,1601369701.712296,10722.09,0,10722.1,0,10857.43
Coinbase,btc_usd,10722.09,1601369701.930729,10722.09,0,10722.1,0,10857.43
Coinbase,btc_eur,9199.01,1601369703.872643,9199.01,0,9200.97,0,9333.8
Coinbase,btc_eur,9199.01,1601369704.4561,9199.01,0,9200.94,0,9333.8
Coinbase,btc_eur,9199.01,1601369706.387814,9199.01,0,9200.94,0,9333.8
Coinbase,btc_eur,9199.01,1601369706.390159,9199.01,0,9200.94,0,9333.8
Coinbase,eth_usd,354.93,1601369708.124382,354.92,0,354.93,0,357.6
Coinbase,eth_eur,304.51,1601369711.23836,304.51,0,304.62,0,307.29
Coinbase,btc_eur,9200.76,1601369712.114999,9199.01,0,9200.76,0,9333.8
Coinbase,btc_usd,10722.09,1601369714.877457,10722.09,0,10722.1,0,10857.43
Coinbase,btc_usd,10722.1,1601369715.585156,10722.09,0,10722.1,0,10857.43
Coinbase,eth_usd,354.93,1601369718.908485,354.92,0,354.93,0,357.6
Coinbase,eth_eur,304.62,1601369719.364034,304.49,0,304.62,0,307.29
Coinbase,btc_usd,10722.1,1601369722.762819,10722.09,0,10722.1,0,10857.43
Coinbase,btc_eur,9198.64,1601369724.901476,9198.61,0,9200.41,0,9333.8
Coinbase,btc_eur,9198.61,1601369724.902188,9198.61,0,9200.41,0,9333.8
Coinbase,eth_usd,354.93,1601369726.084834,354.92,0,354.93,0,357.6
Coinbase,eth_eur,304.62,1601369729.319417,304.49,0,304.62,0,307.29
Coinbase,btc_eur,9198.66,1601369730.215579,9198.66,0,9200.33,0,9333.8
Coinbase,eth_eur,304.49,1601369734.31068,304.49,0,304.61,0,307.29
Coinbase,eth_usd,354.92,1601369735.125452,354.9,0,354.92,0,357.6
Coinbase,eth_eur,304.61,1601369738.003757,304.49,0,304.61,0,307.29
Coinbase,btc_usd,10722.1,1601369745.246636,10722.09,0,10722.1,0,10857.43
Coinbase,btc_usd,10722.1,1601369749.684133,10722.09,0,10722.1,0,10857.43
Coinbase,eth_eur,304.53,1601369749.909576,304.53,0,304.64,0,307.29
Coinbase,eth_usd,354.93,1601369750.67975,354.92,0,354.93,0,357.6
Coinbase,btc_eur,9200.33,1601369751.363176,9199.31,0,9200.33,0,9333.8
Coinbase,btc_usd,10722.1,1601369753.511316,10722.09,0,10722.1,0,10857.43
Coinbase,eth_usd,354.93,1601369753.54991,354.92,0,354.93,0,357.6
Coinbase,btc_usd,10722.1,1601369754.804713,10722.09,0,10722.1,0,10857.43
Coinbase,eth_usd,354.93,1601369757.708417,354.92,0,354.93,0,357.6
Coinbase,btc_eur,9200.33,1601369757.908325,9199.31,0,9200.33,0,9333.8
Coinbase,btc_eur,9200.33,1601369758.193998,9199.31,0,9200.33,0,9333.8
Coinbase,btc_eur,9200.33,1601369767.713496,9199.31,0,9202.06,0,9333.8
Coinbase,btc_eur,9202.06,1601369767.714199,9199.31,0,9202.06,0,9333.8
Coinbase,btc_usd,10722.1,1601369768.943168,10722.09,0,10722.1,0,10857.43
Coinbase,btc_eur,9202.37,1601369768.979796,9199.83,0,9202.37,0,9333.8
Coinbase,btc_usd,10722.1,1601369769.692359,10722.09,0,10722.1,0,10857.43
Coinbase,btc_usd,10722.1,1601369774.237274,10722.09,0,10722.1,0,10857.43
Coinbase,eth_usd,354.83,1601369774.247193,354.83,0,354.89,0,357.6
Coinbase,btc_eur,9200.47,1601369776.680133,9199.33,0,9202.29,0,9333.8
Coinbase,btc_eur,9199.33,1601369776.682031,9199.33,0,9202.29,0,9333.8
Coinbase,btc_eur,9202.27,1601369777.392764,9199.36,0,9202.27,0,9333.8
Coinbase,btc_usd,10722.1,1601369778.486938,10722.09,0,10722.1,0,10857.43
Coinbase,btc_usd,10722.1,1601369781.794029,10722.09,0,10722.1,0,10857.43
Coinbase,btc_eur,9199.4,1601369782.276894,9199.4,0,9201.56,0,9333.8
Coinbase,btc_usd,10722.1,1601369783.573927,10722.09,0,10722.1,0,10857.43
Coinbase,btc_usd,10722.1,1601369783.972765,10722.09,0,10722.1,0,10857.43
Coinbase,eth_eur,304.42,1601369788.02412,304.42,0,304.58,0,307.29
Coinbase,btc_usd,10722.09,1601369790.951402,10722.09,0,10722.1,0,10857.43
Coinbase,eth_usd,354.9,1601369792.763762,354.89,0,354.9,0,357.6
Coinbase,eth_usd,354.9,1601369792.764959,354.89,0,354.9,0,357.6
Coinbase,eth_usd,354.9,1601369792.802604,354.89,0,354.9,0,357.6
Coinbase,eth_usd,354.9,1601369792.810598,354.89,0,354.9,0,357.6
Coinbase,eth_usd,354.9,1601369792.821349,354.89,0,354.9,0,357.6
Coinbase,eth_usd,354.9,1601369792.833766,354.89,0,354.9,0,357.6
Coinbase,eth_usd,354.9,1601369794.356336,354.89,0,354.9,0,357.6
Coinbase,eth_usd,354.9,1601369794.375412,354.89,0,354.9,0,357.6
Coinbase,eth_usd,354.9,1601369794.424202,354.89,0,354.9,0,357.6
Coinbase,eth_usd,354.9,1601369795.024809,354.89,0,354.9,0,357.6
Coinbase,btc_usd,10722.1,1601369796.326624,10722.09,0,10722.1,0,10857.43
Coinbase,eth_usd,354.9,1601369797.307416,354.89,0,354.9,0,357.6
Coinbase,btc_usd,10722.1,1601369800.683412,10722.09,0,10722.1,0,10857.43
Coinbase,eth_usd,354.9,1601369801.377356,354.89,0,354.9,0,357.6
Coinbase,eth_usd,354.9,1601369801.401147,354.89,0,354.9,0,357.6
Coinbase,btc_eur,9199.81,1601369802.336762,9199.81,0,9201.78,0,9333.8
Coinbase,eth_usd,354.9,1601369802.741731,354.89,0,354.9,0,357.6
Coinbase,eth_usd,354.9,1601369804.260705,354.89,0,354.9,0,357.6
Coinbase,eth_eur,304.46,1601369804.567575,304.46,0,304.61,0,307.29
Coinbase,eth_eur,304.46,1601369804.568928,304.45,0,304.61,0,307.29
Coinbase,eth_eur,304.45,1601369804.571051,304.45,0,304.61,0,307.29
Coinbase,btc_usd,10722.1,1601369805.109241,10722.09,0,10722.1,0,10857.43
Coinbase,btc_usd,10722.1,1601369805.121428,10722.09,0,10722.1,0,10857.43
Coinbase,btc_usd,10722.1,1601369805.121959,10722.09,0,10722.11,0,10857.43
Coinbase,btc_usd,10722.11,1601369805.122425,10722.09,0,10722.11,0,10857.43
Coinbase,btc_usd,10722.11,1601369805.122889,10722.09,0,10722.11,0,10857.43
Coinbase,btc_usd,10722.11,1601369805.123366,10722.09,0,10724.33,0,10857.43
Coinbase,btc_usd,10724.33,1601369805.123831,10722.09,0,10724.34,0,10857.43
Coinbase,btc_usd,10724.34,1601369805.124296,10722.09,0,10724.39,0,10857.43
Coinbase,btc_usd,10724.39,1601369805.124771,10722.09,0,10724.49,0,10857.43
Coinbase,btc_usd,10724.49,1601369805.125233,10722.09,0,10724.49,0,10857.43
Coinbase,btc_usd,10724.49,1601369805.12652,10722.09,0,10727.22,0,10857.43
Coinbase,btc_usd,10727.22,1601369805.127368,10722.09,0,10727.63,0,10857.43
Coinbase,btc_usd,10727.63,1601369805.127964,10722.09,0,10727.63,0,10857.43
Coinbase,btc_usd,10727.63,1601369805.222076,10722.09,0,10728.31,0,10857.43
Coinbase,btc_usd,10728.31,1601369805.222757,10722.09,0,10728.31,0,10857.43
Coinbase,eth_usd,354.9,1601369807.083576,354.89,0,354.9,0,357.6
Coinbase,eth_usd,354.9,1601369807.169562,354.89,0,354.9,0,357.6
Coinbase,eth_usd,354.9,1601369807.315686,354.89,0,354.9,0,357.6
Coinbase,eth_usd,354.9,1601369807.316507,354.89,0,354.91,0,357.6
Coinbase,eth_usd,354.91,1601369807.317112,354.89,0,354.91,0,357.6
Coinbase,eth_usd,354.91,1601369807.31836,354.89,0,354.91,0,357.6
Coinbase,eth_usd,354.91,1601369807.318828,354.89,0,354.91,0,357.6
Coinbase,btc_usd,10725.9,1601369807.324333,10725.89,0,10726.11,0,10857.43
Coinbase,btc_usd,10726.11,1601369807.325617,10725.89,0,10727.3,0,10857.43
Coinbase,btc_usd,10727.3,1601369807.327674,10725.89,0,10727.81,0,10857.43
Coinbase,btc_usd,10727.81,1601369807.328175,10725.89,0,10727.82,0,10857.43
Coinbase,btc_usd,10727.82,1601369807.330451,10725.89,0,10727.82,0,10857.43
Coinbase,eth_usd,354.91,1601369807.339961,354.9,0,354.91,0,357.6
Coinbase,eth_usd,354.91,1601369807.385391,354.9,0,354.91,0,357.6
Coinbase,btc_usd,10727.06,1601369807.446592,10727.05,0,10727.82,0,10857.43
Coinbase,btc_usd,10727.82,1601369807.44756,10727.05,0,10730.11,0,10857.43
Coinbase,btc_eur,9202.55,1601369807.488036,9201.48,0,9202.55,0,9333.8
Coinbase,eth_usd,354.91,1601369807.786406,354.9,0,354.91,0,357.6
Coinbase,eth_usd,354.91,1601369808.006817,354.9,0,354.92,0,357.6
Coinbase,eth_usd,354.92,1601369808.00749,354.9,0,354.92,0,357.6
Coinbase,eth_usd,354.92,1601369808.03626,354.91,0,354.92,0,357.6
Coinbase,eth_usd,354.92,1601369808.056228,354.91,0,354.93,0,357.6
Coinbase,eth_usd,354.93,1601369808.057387,354.91,0,354.93,0,357.6
Coinbase,eth_usd,354.93,1601369808.061081,354.91,0,354.93,0,357.6
Coinbase,eth_usd,354.93,1601369808.061534,354.91,0,355.09,0,357.6
Coinbase,btc_eur,9202.55,1601369808.082482,9201.6,0,9202.55,0,9333.8
Coinbase,btc_usd,10730.11,1601369808.124149,10730.1,0,10730.11,0,10857.43
Coinbase,btc_usd,10730.76,1601369808.454789,10730.76,0,10730.77,0,10857.43
Coinbase,btc_usd,10730.76,1601369808.566455,10730.76,0,10730.77,0,10857.43
Coinbase,btc_eur,9202.13,1601369817.351661,9202.13,0,9205.39,0,9333.8
Coinbase,btc_eur,9205.39,1601369817.492133,9202.13,0,9206.32,0,9333.8
Coinbase,btc_eur,9206.32,1601369817.493473,9202.13,0,9206.33,0,9333.8
Coinbase,btc_eur,9206.33,1601369817.493951,9202.13,0,9206.35,0,9333.8
Coinbase,btc_eur,9206.35,1601369817.495126,9202.13,0,9206.35,0,9333.8
Coinbase,btc_usd,10730.12,1601369819.502214,10730.11,0,10730.12,0,10857.43
Coinbase,eth_usd,355.09,1601369822.135668,355.09,0,355.1,0,357.6
Coinbase,btc_eur,9206.35,1601369823.32206,9202.37,0,9206.35,0,9333.8
Coinbase,eth_usd,355.1,1601369823.610866,355.09,0,355.1,0,357.6
Coinbase,eth_usd,355.1,1601369823.612111,355.09,0,355.1,0,357.6
Coinbase,btc_usd,10730.12,1601369827.168748,10730.11,0,10730.12,0,10857.43
Coinbase,btc_usd,10730.12,1601369828.390291,10730.11,0,10730.12,0,10857.43
Coinbase,btc_usd,10730.12,1601369828.393233,10730.11,0,10730.12,0,10857.43
Coinbase,btc_usd,10730.12,1601369833.966284,10730.11,0,10730.12,0,10857.43
Coinbase,btc_usd,10730.12,1601369836.047351,10730.11,0,10730.12,0,10857.43
Coinbase,btc_usd,10730.11,1601369838.288649,10730.11,0,10730.12,0,10857.43
Coinbase,eth_usd,354.89,1601369844.373749,354.89,0,354.9,0,357.6
Coinbase,btc_eur,9203.95,1601369846.898671,9203.95,0,9206.35,0,9333.8
Coinbase,btc_usd,10730.11,1601369848.530066,10730.11,0,10730.12,0,10857.43
Coinbase,btc_usd,10730.11,1601369849.017306,10730.11,0,10730.12,0,10857.43
Coinbase,btc_usd,10730.11,1601369849.574692,10729.59,0,10730.12,0,10857.43
Coinbase,btc_usd,10729.59,1601369851.647208,10726.42,0,10729.6,0,10857.43
Coinbase,eth_usd,354.89,1601369852.349166,354.8,0,354.89,0,357.6
Coinbase,btc_eur,9202.38,1601369852.619893,9202.15,0,9205.78,0,9333.8
Coinbase,btc_eur,9202.15,1601369852.620474,9202.15,0,9205.78,0,9333.8
Coinbase,btc_eur,9205.77,1601369852.865695,9202.15,0,9205.77,0,9333.8
Coinbase,btc_usd,10727.23,1601369853.823496,10726.11,0,10727.23,0,10857.43
Coinbase,btc_usd,10727.24,1601369854.042997,10726.1,0,10727.24,0,10857.43
Coinbase,btc_usd,10727.24,1601369854.166688,10726.3,0,10727.24,0,10857.43
Coinbase,btc_eur,9205.75,1601369854.692677,9202.16,0,9205.75,0,9333.8
Coinbase,btc_usd,10725.3,1601369858.5741,10724.55,0,10725.3,0,10857.43
Coinbase,eth_eur,304.43,1601369862.684724,304.43,0,304.52,0,307.29
Coinbase,eth_eur,304.43,1601369862.704048,304.43,0,304.52,0,307.29
Coinbase,eth_usd,354.9,1601369862.926716,354.89,0,354.9,0,357.6
Coinbase,btc_eur,9205.02,1601369863.349857,9201.63,0,9205.02,0,9333.8
Coinbase,eth_eur,304.52,1601369863.404006,304.42,0,304.52,0,307.29
Coinbase,btc_usd,10725.31,1601369868.633623,10725.3,0,10725.31,0,10857.43
Coinbase,eth_usd,354.89,1601369869.559941,354.89,0,354.9,0,357.6
Coinbase,eth_usd,354.9,1601369870.692357,354.89,0,354.9,0,357.6
Coinbase,eth_usd,354.9,1601369871.972174,354.89,0,354.9,0,357.6
Coinbase,btc_usd,10725.3,1601369875.184692,10725.3,0,10725.31,0,10857.43
Coinbase,btc_usd,10725.3,1601369875.185417,10725.3,0,10725.31,0,10857.43
Coinbase,eth_usd,354.9,1601369879.161327,354.89,0,354.9,0,357.6
Coinbase,btc_eur,9201.8,1601369879.53452,9201.8,0,9204.67,0,9333.8
Coinbase,btc_eur,9201.8,1601369879.535145,9201.8,0,9204.67,0,9333.8
Coinbase,eth_usd,354.9,1601369879.862017,354.89,0,354.9,0,357.6
Coinbase,btc_usd,10725.32,1601369880.881564,10725.31,0,10725.32,0,10857.43
Coinbase,eth_eur,304.57,1601369881.376502,304.4,0,304.57,0,307.29
Coinbase,btc_usd,10725.06,1601369882.35955,10725.06,0,10725.3,0,10857.43
Coinbase,eth_eur,304.55,1601369882.480088,304.4,0,304.55,0,307.29
Coinbase,btc_usd,10725.28,1601369882.507579,10724.75,0,10725.28,0,10857.43
Coinbase,btc_usd,10725.32,1601369885.022935,10725.32,0,10725.33,0,10857.43
Coinbase,eth_usd,354.9,1601369885.278502,354.89,0,354.9,0,357.6
Coinbase,eth_usd,354.9,1601369885.281532,354.89,0,354.9,0,357.6
Coinbase,eth_usd,354.9,1601369885.327476,354.89,0,354.9,0,357.6
Coinbase,btc_usd,10725.33,1601369887.012523,10725.32,0,10725.33,0,10857.43
Coinbase,eth_usd,354.9,1601369890.778201,354.89,0,354.9,0,357.6
Coinbase,btc_usd,10725.33,1601369892.714949,10725.32,0,10725.33,0,10857.43
Coinbase,eth_eur,304.51,1601369895.389056,304.51,0,304.61,0,307.29
Coinbase,eth_usd,354.9,1601369896.122721,354.89,0,354.9,0,357.6
Coinbase,eth_usd,354.9,1601369896.420409,354.89,0,354.9,0,357.6
Coinbase,btc_eur,9205.25,1601369897.268022,9201.99,0,9205.25,0,9333.8
Coinbase,btc_usd,10725.33,1601369897.558878,10725.32,0,10725.34,0,10857.43
Coinbase,btc_usd,10725.34,1601369897.560132,10725.32,0,10725.34,0,10857.43
Coinbase,btc_usd,10725.34,1601369897.574229,10725.33,0,10725.34,0,10857.43
Coinbase,eth_usd,354.9,1601369898.659142,354.89,0,354.9,0,357.6
Coinbase,btc_usd,10725.34,1601369899.516125,10725.33,0,10725.34,0,10857.43
Coinbase,btc_eur,9205.69,1601369899.985341,9202.52,0,9205.7,0,9333.8
Coinbase,btc_eur,9205.7,1601369899.986051,9202.52,0,9205.77,0,9333.8
Coinbase,btc_eur,9205.77,1601369899.986527,9202.52,0,9205.87,0,9333.8
Coinbase,btc_eur,9205.87,1601369899.986992,9202.52,0,9205.88,0,9333.8
Coinbase,btc_eur,9205.88,1601369899.987454,9202.52,0,9206.35,0,9333.8
Coinbase,btc_eur,9206.35,1601369899.987917,9202.52,0,9206.79,0,9333.8
Coinbase,btc_eur,9206.79,1601369899.988393,9202.52,0,9206.8,0,9333.8
Coinbase,btc_eur,9206.8,1601369899.989464,9202.52,0,9206.83,0,9333.8
Coinbase,btc_eur,9206.83,1601369899.990478,9202.52,0,9207.02,0,9333.8
Coinbase,btc_eur,9207.02,1601369899.990964,9202.52,0,9207.41,0,9333.8
Coinbase,btc_eur,9207.41,1601369899.991433,9202.52,0,9207.7,0,9333.8
Coinbase,btc_eur,9207.7,1601369900.082819,9202.52,0,9207.7,0,9333.8
Coinbase,btc_usd,10725.34,1601369900.083456,10725.33,0,10725.34,0,10857.43
Coinbase,eth_eur,304.51,1601369900.565459,304.51,0,304.66,0,307.29
Coinbase,btc_eur,9204.35,1601369901.358111,9204.35,0,9208.19,0,9333.8
Coinbase,btc_eur,9204.35,1601369902.356607,9204.35,0,9206.69,0,9333.8
Coinbase,btc_usd,10725.34,1601369907.999943,10725.33,0,10725.34,0,10857.43
Coinbase,btc_eur,9202.88,1601369908.767364,9201.73,0,9205.45,0,9333.8
Coinbase,btc_eur,9201.73,1601369908.769405,9201.73,0,9205.45,0,9333.8
Coinbase,btc_usd,10725.34,1601369911.289939,10725.33,0,10725.34,0,10857.43
Coinbase,btc_usd,10725.34,1601369914.064455,10725.33,0,10725.34,0,10857.43
Coinbase,btc_eur,9201.94,1601369915.906008,9201.94,0,9204.53,0,9333.8
Coinbase,btc_usd,10725.34,1601369916.968994,10725.33,0,10725.34,0,10857.43
Coinbase,eth_eur,304.46,1601369917.078866,304.46,0,304.6,0,307.29
Coinbase,btc_usd,10725.33,1601369919.078466,10724.96,0,10725.34,0,10857.43
Coinbase,btc_usd,10724.96,1601369919.080198,10724.96,0,10725.34,0,10857.43
Coinbase,btc_usd,10725.34,1601369922.218738,10725.33,0,10725.34,0,10857.43
Coinbase,btc_usd,10725.02,1601369923.456772,10725.02,0,10725.33,0,10857.43
Coinbase,eth_eur,304.45,1601369923.513177,304.45,0,304.6,0,307.29
Coinbase,btc_eur,9205.4,1601369926.738261,9202.67,0,9205.4,0,9333.8
Coinbase,btc_usd,10725.33,1601369926.738941,10725.03,0,10725.33,0,10857.43
Coinbase,btc_usd,10725.34,1601369928.441686,10725.33,0,10725.34,0,10857.43
Coinbase,btc_usd,10725.34,1601369928.465322,10725.33,0,10725.34,0,10857.43
Coinbase,btc_usd,10725.34,1601369929.854479,10725.33,0,10725.34,0,10857.43
Coinbase,btc_usd,10725.34,1601369930.535806,10725.33,0,10725.34,0,10857.43
Coinbase,eth_usd,354.9,1601369930.842087,354.89,0,354.9,0,357.6
Coinbase,btc_usd,10725.34,1601369935.810421,10725.33,0,10725.34,0,10857.43
Coinbase,btc_usd,10725.34,1601369936.841804,10725.33,0,10725.34,0,10857.43
Coinbase,btc_eur,9203.62,1601369938.300685,9203.62,0,9205.85,0,9333.8
Coinbase,btc_usd,10725.34,1601369941.27887,10725.33,0,10725.34,0,10857.43
Coinbase,btc_usd,10725.34,1601369941.455754,10725.33,0,10725.34,0,10857.43
Coinbase,btc_eur,9203.64,1601369942.918241,9203.64,0,9206.36,0,9333.8
Coinbase,eth_usd,354.9,1601369942.918946,354.89,0,354.9,0,357.6
Coinbase,eth_usd,354.9,1601369943.065909,354.89,0,354.9,0,357.6
Coinbase,btc_usd,10725.33,1601369945.022261,10725.33,0,10725.34,0,10857.43
Coinbase,eth_usd,354.9,1601369945.401106,354.89,0,354.9,0,357.6
Coinbase,eth_usd,354.9,1601369945.437054,354.89,0,354.9,0,357.6
Coinbase,eth_usd,354.9,1601369946.237837,354.89,0,354.9,0,357.6
Coinbase,eth_usd,354.9,1601369947.412217,354.89,0,354.9,0,357.6
Coinbase,eth_usd,354.9,1601369947.432255,354.89,0,354.9,0,357.6
Coinbase,eth_usd,354.9,1601369947.46394,354.89,0,354.9,0,357.6
Coinbase,eth_usd,354.9,1601369947.478406,354.89,0,354.9,0,357.6
Coinbase,eth_usd,354.9,1601369947.49649,354.89,0,354.9,0,357.6
Coinbase,eth_usd,354.9,1601369947.531621,354.89,0,354.9,0,357.6
Coinbase,eth_usd,354.9,1601369947.569297,354.89,0,354.9,0,357.6
Coinbase,eth_usd,354.9,1601369947.569815,354.89,0,354.91,0,357.6
Coinbase,eth_usd,354.91,1601369947.57179,354.89,0,354.91,0,357.6
Coinbase,btc_usd,10725.34,1601369947.817491,10725.33,0,10725.34,0,10857.43
Coinbase,btc_usd,10725.33,1601369947.841739,10725.33,0,10725.34,0,10857.43
Coinbase,eth_usd,354.91,1601369947.842287,354.9,0,354.91,0,357.6
Coinbase,eth_usd,354.91,1601369947.842774,354.9,0,354.91,0,357.6
Coinbase,eth_usd,354.91,1601369947.84325,354.9,0,354.91,0,357.6
Coinbase,eth_usd,354.91,1601369947.845909,354.9,0,354.91,0,357.6
Coinbase,eth_usd,354.91,1601369947.855991,354.9,0,354.91,0,357.6
Coinbase,eth_usd,354.91,1601369947.882339,354.9,0,354.91,0,357.6
Coinbase,eth_usd,354.91,1601369947.943426,354.9,0,354.93,0,357.6
Coinbase,eth_usd,354.93,1601369947.94477,354.9,0,354.93,0,357.6
Coinbase,eth_usd,354.93,1601369948.032204,354.92,0,354.93,0,357.6
Coinbase,eth_usd,354.93,1601369948.032854,354.92,0,354.93,0,357.6
Coinbase,eth_usd,354.93,1601369948.033322,354.92,0,354.94,0,357.6
Coinbase,eth_usd,354.94,1601369948.194526,354.93,0,354.94,0,357.6
Coinbase,eth_usd,354.94,1601369948.21407,354.93,0,354.94,0,357.6
Coinbase,eth_usd,354.94,1601369948.22935,354.93,0,354.97,0,357.6
Coinbase,eth_usd,354.97,1601369948.416499,354.96,0,354.97,0,357.6
Coinbase,eth_usd,354.97,1601369948.418319,354.96,0,354.97,0,357.6
Coinbase,eth_usd,354.97,1601369948.44915,354.96,0,355.14,0,357.6
Coinbase,btc_eur,9204.24,1601369949.164975,9204.24,0,9206.26,0,9333.8
Coinbase,btc_usd,10725.34,1601369949.838409,10725.33,0,10725.34,0,10857.43
Coinbase,btc_eur,9204.24,1601369951.518958,9204.24,0,9206.68,0,9333.8
Coinbase,btc_usd,10725.34,1601369952.771575,10725.33,0,10725.34,0,10857.43
Coinbase,btc_usd,10725.33,1601369952.853561,10725.33,0,10725.34,0,10857.43
Coinbase,btc_usd,10725.34,1601369954.58321,10725.33,0,10725.34,0,10857.43
Coinbase,eth_usd,355.22,1601369955.159308,355.17,0,355.22,0,357.6
Coinbase,btc_usd,10725.34,1601369955.230007,10725.33,0,10725.34,0,10857.43
Coinbase,btc_usd,10725.34,1601369955.964204,10725.33,0,10725.34,0,10857.43
Coinbase,eth_usd,355.23,1601369956.760367,355.17,0,355.23,0,357.6
Coinbase,btc_eur,9204.43,1601369957.530764,9204.42,0,9206.7,0,9333.8
Coinbase,btc_eur,9204.42,1601369957.531438,9204.42,0,9206.7,0,9333.8
Coinbase,btc_eur,9204.44,1601369957.551418,9204.42,0,9206.7,0,9333.8
Coinbase,btc_eur,9204.42,1601369957.55272,9204.42,0,9206.7,0,9333.8
Coinbase,btc_eur,9204.43,1601369957.570705,9204.42,0,9206.69,0,9333.8
Coinbase,btc_eur,9204.42,1601369957.571972,9202.69,0,9206.69,0,9333.8
Coinbase,btc_eur,9204.44,1601369957.596718,9204.3,0,9206.68,0,9333.8
Coinbase,eth_eur,304.81,1601369957.597234,304.65,0,304.81,0,307.29
Coinbase,eth_eur,304.81,1601369957.59769,304.65,0,304.81,0,307.29
Coinbase,btc_eur,9204.31,1601369957.634294,9204.3,0,9206.67,0,9333.8
Coinbase,btc_eur,9204.3,1601369957.634883,9204.3,0,9206.67,0,9333.8
Coinbase,btc_eur,9204.32,1601369957.649542,9202.69,0,9206.66,0,9333.8
Coinbase,btc_usd,10725.34,1601369958.518666,10725.33,0,10725.34,0,10857.43
Coinbase,btc_usd,10725.34,1601369958.524888,10725.33,0,10725.34,0,10857.43
Coinbase,btc_usd,10725.34,1601369958.545677,10725.33,0,10725.34,0,10857.43
Coinbase,btc_usd,10725.34,1601369958.562105,10725.33,0,10725.34,0,10857.43
Coinbase,btc_usd,10725.34,1601369958.591748,10725.33,0,10725.34,0,10857.43
Coinbase,btc_usd,10725.34,1601369958.612585,10725.33,0,10725.34,0,10857.43
Coinbase,btc_usd,10725.34,1601369958.749841,10725.33,0,10725.34,0,10857.43
Coinbase,btc_usd,10725.34,1601369958.7505,10725.33,0,10725.34,0,10857.43
Coinbase,btc_usd,10725.34,1601369958.750969,10725.33,0,10725.35,0,10857.43
Coinbase,btc_usd,10725.35,1601369958.751439,10725.33,0,10725.35,0,10857.43
Coinbase,btc_usd,10725.35,1601369958.75191,10725.33,0,10725.35,0,10857.43
Coinbase,btc_usd,10725.35,1601369958.752374,10725.33,0,10725.52,0,10857.43
Coinbase,btc_usd,10730.98,1601369966.156644,10730.97,0,10730.98,0,10857.43
Coinbase,btc_usd,10730.98,1601369966.494852,10730.97,0,10730.98,0,10857.43
Coinbase,btc_usd,10730.98,1601369968.5731,10730.97,0,10730.98,0,10857.43
Coinbase,btc_usd,10730.98,1601369968.574402,10730.97,0,10730.98,0,10857.43
Coinbase,btc_usd,10730.98,1601369968.575986,10730.97,0,10730.98,0,10857.43
Coinbase,eth_eur,304.84,1601369969.090456,304.73,0,304.84,0,307.29
Coinbase,btc_usd,10730.98,1601369971.701321,10730.97,0,10730.98,0,10857.43
Coinbase,btc_eur,9206.65,1601369973.892012,9203.04,0,9206.65,0,9333.8
Coinbase,btc_eur,9204.26,1601369974.113304,9204.26,0,9206.65,0,9333.8
Coinbase,eth_usd,355.23,1601369979.772058,355.22,0,355.25,0,357.6
Coinbase,eth_usd,355.25,1601369979.773101,355.22,0,355.25,0,357.6
Coinbase,eth_usd,355.25,1601369979.773655,355.22,0,355.25,0,357.6
Coinbase,eth_usd,355.25,1601369979.983143,355.24,0,355.26,0,357.6
Coinbase,eth_usd,355.26,1601369979.983798,355.24,0,355.26,0,357.6
Coinbase,eth_usd,355.26,1601369980.071427,355.25,0,355.26,0,357.6
Coinbase,eth_usd,355.26,1601369980.072089,355.25,0,355.26,0,357.6
Coinbase,eth_usd,355.26,1601369980.168009,355.25,0,355.26,0,357.6
Coinbase,eth_usd,355.26,1601369980.204232,355.25,0,355.26,0,357.6
Coinbase,eth_usd,355.26,1601369980.583544,355.25,0,355.26,0,357.6
Coinbase,eth_usd,355.25,1601369991.374463,355.25,0,355.26,0,357.6
Coinbase,btc_eur,9205.6,1601369992.523961,9202.93,0,9205.6,0,9333.8
Coinbase,btc_eur,9202.93,1601369993.208778,9202.93,0,9205.6,0,9333.8
Coinbase,btc_eur,9205.59,1601369994.77178,9203.0,0,9205.59,0,9333.8
Coinbase,eth_usd,355.26,1601369996.131258,355.25,0,355.26,0,357.6
Coinbase,eth_usd,355.25,1601369997.566822,355.25,0,355.26,0,357.6
Coinbase,eth_usd,355.25,1601369997.567658,355.25,0,355.26,0,357.6
Coinbase,eth_usd,355.25,1601369997.569061,355.25,0,355.26,0,357.6
Coinbase,eth_usd,355.25,1601369997.569533,355.25,0,355.26,0,357.6
Coinbase,btc_usd,10729.33,1601369997.641324,10729.33,0,10730.64,0,10857.43
Coinbase,btc_usd,10729.45,1601369998.45725,10729.45,0,10730.63,0,10857.43
Coinbase,btc_usd,10730.21,1601370000.524707,10729.42,0,10730.21,0,10857.43
Coinbase,btc_eur,9202.71,1601370000.581621,9202.71,0,9206.16,0,9333.8
Coinbase,btc_usd,10730.21,1601370000.729322,10729.42,0,10730.23,0,10857.43
Coinbase,btc_usd,10730.23,1601370000.729968,10729.42,0,10730.23,0,10857.43
Coinbase,btc_eur,9202.76,1601370001.343286,9202.76,0,9206.42,0,9333.8
Coinbase,btc_eur,9202.76,1601370001.47999,9202.76,0,9206.42,0,9333.8
Coinbase,eth_usd,355.25,1601370002.297793,355.25,0,355.26,0,357.6
Coinbase,eth_usd,355.25,1601370002.832876,355.25,0,355.26,0,357.6
Coinbase,eth_usd,355.25,1601370002.833569,355.21,0,355.26,0,357.6
Coinbase,btc_usd,10730.22,1601370007.387869,10729.48,0,10730.22,0,10857.43
Coinbase,btc_usd,10730.22,1601370015.638938,10730.22,0,10730.23,0,10857.43
Coinbase,btc_usd,10730.22,1601370015.662465,10730.22,0,10730.23,0,10857.43
Coinbase,btc_usd,10730.22,1601370015.821639,10730.22,0,10730.23,0,10857.43
Coinbase,btc_usd,10730.23,1601370015.863449,10730.22,0,10730.23,0,10857.43
Coinbase,btc_usd,10730.23,1601370015.957972,10730.22,0,10730.24,0,10857.43
Coinbase,btc_usd,10730.24,1601370015.958558,10730.22,0,10730.25,0,10857.43
Coinbase,btc_usd,10730.25,1601370015.959885,10730.22,0,10730.25,0,10857.43
Coinbase,btc_usd,10730.25,1601370015.960338,10730.22,0,10730.25,0,10857.43
Coinbase,btc_usd,10730.25,1601370016.107228,10730.24,0,10730.25,0,10857.43
Coinbase,btc_usd,10730.25,1601370016.108537,10730.24,0,10730.25,0,10857.43
