Plateforme,Asset,Quote,Datetime,Bid,BidAmount,Ask,AskAmount,OpenInterest
Kraken,btc_usd,10738.9,1601368567.472403,10738.9,0.59961623,10740.5,2.0784545,10699.30756
Kraken,btc_eur,9206.7,1601368567.47325,9206.6,3.04745348,9206.7,9.19490431,9184.5249
Kraken,eth_usd,355.47,1601368567.473689,355.47,40.60918036,355.48,0.697,353.78745
Kraken,eth_eur,304.72,1601368567.474099,304.71,7.51027253,304.72,9.45683105,303.68216
Kraken,btc_eur,9206.6,1601368568.24189,9206.6,3.04408033,9206.7,9.19490431,9184.525
Kraken,btc_eur,9206.7,1601368568.943554,9206.6,3.04408033,9206.7,8.19490431,9184.55456
Kraken,btc_eur,9206.7,1601368571.704879,9206.6,3.04408033,9206.7,8.16283031,9184.55551
Kraken,btc_eur,9206.7,1601368571.734753,9206.6,3.04408033,9206.7,7.16283031,9184.58499
Kraken,btc_usd,10739.5,1601368573.617592,10739.5,4.79796366,10739.6,0.19,10699.36679
Kraken,btc_eur,9206.7,1601368574.587474,9206.6,2.64408033,9206.7,6.16283031,9184.61439
Kraken,btc_eur,9206.7,1601368576.92532,9206.6,2.64408033,9206.7,6.08196264,9184.61676
Kraken,btc_eur,9206.6,1601368577.943166,9206.6,3.33622634,9206.7,6.08196264,9184.61695
Kraken,btc_eur,9206.7,1601368579.193863,9206.6,3.33622634,9206.7,5.87196264,9184.62311
Kraken,eth_eur,304.72,1601368580.365106,304.71,3.206,304.72,23.55037977,303.68218
Kraken,btc_eur,9206.7,1601368584.281075,9206.6,3.33623933,9206.7,5.86980596,9184.62317
Kraken,btc_eur,9206.7,1601368585.00757,9206.6,3.33623933,9206.7,5.81555141,9184.62477
Kraken,btc_eur,9206.7,1601368587.071377,9206.6,3.33623933,9206.7,5.74288409,9184.6269
Kraken,btc_eur,9206.7,1601368588.152077,9206.6,3.33623933,9206.7,5.73528409,9184.62712
Kraken,btc_eur,9206.6,1601368589.751068,9206.6,3.33183933,9206.7,5.73528409,9184.62725
Kraken,eth_eur,304.66,1601368591.740319,304.66,5.98402843,304.73,58.63184895,303.68218
Kraken,btc_eur,9206.6,1601368591.749024,9206.6,3.32427761,9206.7,5.73528409,9184.62747
Kraken,btc_eur,9206.7,1601368592.978899,9206.6,3.32427761,9206.7,4.73528409,9184.65676
Kraken,eth_eur,304.71,1601368595.738688,304.65,30.0,304.71,21.06727578,303.68219
Kraken,btc_eur,9206.7,1601368596.024134,9206.6,3.32427761,9206.7,3.73528409,9184.68597
Kraken,btc_eur,9206.7,1601368598.874851,9206.6,2.62571758,9206.7,2.73528409,9184.7151
Kraken,eth_eur,304.69,1601368599.311274,304.64,21.1006381,304.69,20.37217874,303.68257
Kraken,btc_eur,9206.7,1601368601.296556,9206.6,2.62571758,9206.7,1.73528409,9184.74415
Kraken,btc_eur,9206.7,1601368603.932814,9206.6,2.62571758,9206.7,1.64635364,9184.74673
Kraken,eth_usd,355.48,1601368604.979598,355.47,35.05818036,355.48,19.75284975,353.78779
Kraken,btc_eur,9206.6,1601368606.782622,9206.6,2.61986129,9206.7,1.64635364,9184.7469
Kraken,btc_eur,9206.6,1601368607.257117,9206.6,0.32850129,9206.7,1.64635364,9184.81287
Kraken,btc_eur,9207.8,1601368607.764363,9206.6,0.32850129,9207.8,0.25211817,9184.91767
Kraken,btc_eur,9207.2,1601368613.002689,9207.1,2.69855722,9207.2,9.0,9184.94685
Kraken,eth_usd,355.49,1601368614.375365,355.49,46.40488825,355.5,24.61907016,353.7878
Kraken,btc_eur,9207.1,1601368614.567026,9207.1,2.35241605,9207.2,9.0,9184.94693
Kraken,btc_eur,9207.2,1601368615.508814,9207.1,2.35241605,9207.2,8.83436551,9184.95175
Kraken,btc_usd,10739.5,1601368619.315823,10739.5,4.8550143,10739.6,0.19,10699.36806
Kraken,btc_usd,10739.5,1601368620.427099,10739.5,4.8533358,10739.6,0.19,10699.36816
Kraken,btc_eur,9207.2,1601368621.966059,9207.1,2.35241605,9207.2,8.78622123,9184.95316
Kraken,btc_eur,9207.2,1601368625.4293,9207.1,0.355,9207.2,8.02742417,9184.98224
Kraken,eth_usd,355.5,1601368625.525495,355.49,61.40488825,355.51,21.0979794,353.78839
Kraken,btc_eur,9207.2,1601368628.34335,9207.1,2.355,9207.2,6.78622123,9185.01125
Kraken,btc_eur,9207.1,1601368629.744823,9207.1,2.3533044,9207.2,6.78622123,9185.0113
Kraken,btc_eur,9207.2,1601368631.373742,9207.1,0.325,9207.2,6.75872923,9185.0121
Kraken,btc_eur,9207.2,1601368633.600282,9207.1,2.325,9207.2,5.75872923,9185.04103
Kraken,btc_eur,9207.2,1601368636.808797,9207.1,2.325,9207.2,4.83069918,9185.06781
Kraken,eth_eur,304.74,1601368637.481431,304.71,4.4,304.74,321.07943755,303.68258
Kraken,btc_eur,9207.2,1601368651.116916,9207.1,2.325,9207.2,4.7809555,9185.06925
Kraken,btc_eur,9207.2,1601368652.799098,9207.1,2.325,9207.2,3.7809555,9185.09803
Kraken,eth_eur,304.74,1601368653.996493,304.73,2.10049533,304.74,299.73557433,303.68261
Kraken,btc_eur,9207.2,1601368655.309853,9207.1,2.325,9207.2,3.71053472,9185.10005
Kraken,btc_eur,9207.2,1601368655.676681,9207.1,2.325,9207.2,3.70025572,9185.10035
Kraken,eth_usd,355.54,1601368657.48357,355.53,61.44403431,355.54,19.210369,353.78871
Kraken,btc_eur,9207.2,1601368657.735974,9207.1,2.325,9207.2,3.35025572,9185.12905
Kraken,btc_eur,9207.2,1601368658.811432,9207.1,2.325,9207.2,3.30217533,9185.13043
Kraken,btc_eur,9207.2,1601368658.865826,9207.1,2.325,9207.2,3.28322131,9185.13097
Kraken,btc_eur,9207.2,1601368659.3331,9207.1,2.325,9207.2,2.6099641,9185.13164
Kraken,btc_eur,9207.2,1601368659.764084,9207.1,2.325,9207.2,2.58478392,9185.13236
Kraken,btc_eur,9207.2,1601368660.402511,9207.1,2.325,9207.2,2.55897595,9185.1331
Kraken,btc_eur,9207.2,1601368660.767721,9207.1,0.325,9207.2,1.55897595,9185.16172
Kraken,btc_eur,9207.2,1601368663.720694,9207.1,2.34639532,9207.2,1.08732093,9185.18618
Kraken,btc_usd,10740.3,1601368664.922358,10740.2,3.91375586,10740.3,0.66841043,10699.36869
Kraken,btc_eur,9207.2,1601368670.335865,9207.1,2.34639532,9207.2,0.69738116,9185.18632
Kraken,btc_eur,9207.2,1601368671.569785,9207.1,2.34639532,9207.8,1.0,9185.20619
Kraken,btc_eur,9207.7,1601368674.308435,9207.6,2.02139532,9207.7,0.12705836,9185.21704
Kraken,btc_usd,10740.2,1601368683.575565,10740.2,3.89771551,10740.3,1.05280899,10699.36972
Kraken,btc_usd,10740.3,1601368685.695314,10740.2,3.89771551,10740.3,0.68124899,10699.39367
Kraken,btc_eur,9207.7,1601368685.748013,9207.6,0.02139532,9207.7,1.06067821,9185.24608
Kraken,btc_eur,9207.7,1601368687.820551,9207.6,0.02139532,9207.7,0.23024059,9185.24622
Kraken,btc_eur,9207.7,1601368688.543683,9207.6,0.32639532,9207.9,0.69857725,9185.27314
Kraken,btc_eur,9207.9,1601368689.383247,9207.7,0.07113956,9207.9,0.64883627,9185.27459
Kraken,btc_eur,9207.9,1601368690.780422,9207.8,0.27639532,9207.9,1.61761327,9185.2755
Kraken,btc_eur,9207.9,1601368691.371244,9207.8,0.27639532,9207.9,0.68981869,9185.30255
Kraken,btc_eur,9207.8,1601368691.777332,9207.8,0.15739532,9207.9,0.68981869,9185.306
Kraken,btc_eur,9207.9,1601368691.784086,9207.8,0.15739532,9207.9,0.66690869,9185.30667
Kraken,btc_eur,9208.1,1601368696.943751,9207.1,2.4,9208.1,0.57883633,9185.33383
Kraken,btc_eur,9208.0,1601368700.293656,9207.1,2.4,9208.0,0.21108426,9185.33598
Kraken,btc_eur,9207.1,1601368701.753677,9207.1,1.74745,9207.9,0.21,9185.35424
Kraken,btc_eur,9207.2,1601368704.777873,9207.1,0.4,9207.2,9.36402468,9185.3543
Kraken,eth_eur,304.52,1601368704.795656,304.52,9.72630195,304.58,304.31485109,303.68408
Kraken,btc_eur,9207.2,1601368706.211646,9207.1,0.4,9207.2,9.35893637,9185.35444
Kraken,btc_eur,9207.2,1601368708.22847,9207.1,0.4,9207.2,9.35644637,9185.35451
Kraken,btc_eur,9206.5,1601368712.690866,9206.5,0.49823611,9207.0,0.03620294,9185.35456
Kraken,btc_eur,9207.1,1601368713.320393,9206.5,0.49823611,9207.1,1.87320294,9185.35911
Kraken,btc_eur,9206.8,1601368713.591161,9206.5,0.49823611,9206.8,1.08634874,9185.38427
Kraken,btc_eur,9207.1,1601368717.892844,9206.9,1.0,9207.1,0.52523294,9185.38457
Kraken,btc_usd,10740.2,1601368722.504543,10740.2,1.41254512,10740.3,1.68124899,10699.50921
Kraken,btc_eur,9206.9,1601368725.606094,9206.9,0.57,9207.0,0.69868658,9185.39644
Kraken,btc_eur,9207.0,1601368726.388109,9206.5,0.49823611,9207.1,0.5,9185.42182
Kraken,btc_eur,9207.1,1601368728.687021,9207.0,0.08351934,9207.1,0.36404563,9185.4256
Kraken,btc_eur,9207.1,1601368729.529951,9206.5,0.49823611,9207.2,0.69868658,9185.4357
Kraken,btc_eur,9207.2,1601368731.97397,9206.5,0.49823611,9207.2,0.21368658,9185.46355
Kraken,btc_eur,9207.5,1601368739.305715,9207.4,1.56,9207.9,0.69870185,9185.47846
Kraken,btc_eur,9207.8,1601368740.289361,9207.5,0.4706557,9207.8,1.99524,9185.47859
Kraken,btc_eur,9207.8,1601368742.319583,9207.7,0.50337332,9207.8,1.95544506,9185.47973
Kraken,btc_eur,9207.9,1601368744.836362,9207.8,0.46,9207.9,0.57290185,9185.48333
Kraken,btc_eur,9207.9,1601368745.034994,9207.8,0.46,9207.9,0.07126673,9185.4977
Kraken,btc_eur,9207.7,1601368748.11689,9207.6,1.0,9207.7,0.20934271,9185.49847
Kraken,eth_eur,304.51,1601368749.8053,304.5,0.3756574,304.51,40.52029348,303.68408
Kraken,btc_eur,9207.5,1601368752.009549,9207.5,0.99755,9207.7,0.00217209,9185.49853
Kraken,btc_eur,9208.1,1601368753.639978,9207.6,1.535,9208.1,0.99345856,9185.49879
Kraken,btc_eur,9208.1,1601368756.743124,9208.0,1.56,9208.1,0.989771,9185.49908
Kraken,btc_usd,10740.3,1601368757.927631,10740.2,1.41254512,10740.3,1.30968899,10699.53301
Kraken,btc_eur,9208.2,1601368761.273314,9208.1,2.21866677,9208.2,1.91498588,9185.49914
Kraken,btc_eur,9208.2,1601368761.479024,9208.1,2.21866677,9208.2,0.91498588,9185.5281
Kraken,btc_eur,9208.2,1601368762.900049,9208.1,1.21866677,9208.3,0.06192486,9185.55698
Kraken,btc_eur,9208.4,1601368765.608093,9208.2,0.0298947,9208.4,7.75826348,9185.5707
Kraken,btc_eur,9208.4,1601368771.77621,9208.3,0.0298947,9208.4,6.75826348,9185.59973
Kraken,btc_eur,9208.3,1601368773.316891,9208.2,0.0298947,9208.4,6.75826348,9185.61416
Kraken,btc_eur,9208.3,1601368775.062941,9208.3,0.24724011,9208.4,6.75826348,9185.61523
Kraken,btc_eur,9208.3,1601368775.140306,9208.3,0.2138161,9208.4,6.75826348,9185.61619
Kraken,btc_eur,9208.3,1601368775.155146,9208.3,0.20765145,9208.4,6.75826348,9185.61637
Kraken,btc_eur,9208.4,1601368775.203844,9208.3,0.20765145,9208.4,6.51331489,9185.62346
Kraken,btc_eur,9202.7,1601368776.315895,9202.7,0.06837805,9208.4,6.51331489,9185.74232
Kraken,btc_usd,10735.1,1601368777.35913,10735.1,1.59336733,10740.3,2.15410209,10700.00282
Kraken,btc_eur,9206.7,1601368783.667675,9206.6,0.35,9206.8,0.93160956,9185.76079
Kraken,eth_eur,304.51,1601368783.795687,304.5,0.3756574,304.51,90.87972621,303.68418
Kraken,btc_eur,9206.8,1601368786.54828,9206.7,0.69132735,9206.8,0.08160956,9185.7873
Kraken,btc_eur,9206.8,1601368786.824665,9206.7,0.39,9206.8,0.07845835,9185.78738
Kraken,btc_eur,9206.9,1601368789.57537,9206.8,0.355,9207.0,0.69867265,9185.80595
Kraken,btc_eur,9207.0,1601368791.208541,9206.9,0.69632735,9207.0,0.24057265,9185.81817
Kraken,btc_eur,9207.3,1601368795.49747,9205.3,2.0,9207.3,1.0,9185.84516
Kraken,btc_eur,9208.2,1601368801.465916,9206.8,0.81905051,9208.2,0.04957521,9185.8854
Kraken,btc_eur,9207.7,1601368803.827888,9207.7,0.78582514,9208.0,0.19,9185.8859
Kraken,btc_eur,9208.4,1601368805.147983,9207.8,0.325,9208.4,6.35596547,9185.89035
Kraken,btc_eur,9207.8,1601368805.289881,9207.8,0.31579495,9208.4,6.35596547,9185.8906
Kraken,btc_eur,9208.3,1601368808.833371,9208.3,0.34290214,9208.4,6.35596547,9185.89066
Kraken,eth_eur,304.54,1601368809.109998,304.51,4.86,304.54,29.61402936,303.68422
Kraken,btc_eur,9208.4,1601368809.410889,9208.3,0.34290214,9208.4,5.35596547,9185.91885
Kraken,btc_eur,9206.4,1601368810.333813,9206.4,1.85206266,9208.4,6.05462931,9185.92303
Kraken,btc_eur,9208.4,1601368810.48044,9206.4,1.85206266,9208.4,8.04439675,9185.92331
Kraken,btc_eur,9206.5,1601368810.778889,9206.5,0.00260456,9208.4,8.04439675,9185.92814
Kraken,btc_eur,9208.1,1601368811.909313,9208.0,1.0,9208.1,0.51597724,9185.92957
Kraken,btc_eur,9208.0,1601368812.09135,9208.0,0.99063844,9208.1,0.51597724,9185.92983
Kraken,btc_eur,9208.0,1601368813.248201,9208.0,0.92858844,9208.1,1.45836043,9185.93154
Kraken,btc_eur,9208.1,1601368814.146563,9206.4,1.85206266,9208.3,0.02872926,9185.9573
Kraken,btc_eur,9206.7,1601368814.914447,9206.7,0.31199883,9208.3,0.02872926,9185.96672
Kraken,btc_eur,9208.1,1601368816.025313,9206.9,0.69870072,9208.1,0.68938941,9185.96697
Kraken,btc_eur,9208.0,1601368818.060439,9208.0,0.44772876,9208.3,0.018235,9185.97716
Kraken,btc_usd,10740.0,1601368823.416256,10739.7,0.00467547,10740.0,0.28992804,10700.00672
Kraken,eth_usd,355.51,1601368823.794836,355.5,13.94200276,355.51,73.99757303,353.78871
Kraken,btc_eur,9208.3,1601368826.06462,9207.1,2.0,9208.3,0.70637258,9185.97745
Kraken,btc_eur,9208.1,1601368826.405342,9208.0,0.44772876,9208.1,0.01764742,9185.97786
Kraken,btc_usd,10739.9,1601368826.858474,10739.9,0.00367547,10740.0,0.28992804,10700.00679
Kraken,btc_eur,9206.8,1601368829.857474,9206.8,0.14641911,9208.1,0.05709938,9186.0044
Kraken,btc_usd,10740.6,1601368831.66335,10739.0,0.69870502,10740.6,4.21595611,10700.06926
Kraken,eth_usd,355.5,1601368833.059232,355.5,13.00600276,355.51,43.99757303,353.78887
Kraken,btc_eur,9206.8,1601368836.690905,9206.7,0.31199883,9207.5,0.69870502,9186.00839
Kraken,btc_usd,10740.5,1601368837.224649,10739.4,0.00835095,10740.5,0.49870502,10700.08177
Kraken,btc_eur,9207.2,1601368839.556591,9206.7,1.010686,9207.7,0.71124961,9186.01421
Kraken,btc_eur,9208.2,1601368844.600426,9207.6,1.0,9208.2,0.05560808,9186.03457
Kraken,btc_eur,9208.0,1601368853.902108,9208.0,0.99210995,9208.2,0.05560808,9186.03479
Kraken,btc_eur,9208.1,1601368855.667798,9207.3,0.6987033,9208.2,0.05560808,9186.0444
Kraken,btc_eur,9208.2,1601368858.525198,9207.3,0.6987033,9208.4,5.34573291,9186.04594
Kraken,btc_eur,9208.3,1601368861.432149,9208.3,0.49628456,9208.4,6.04445808,9186.04604
Kraken,btc_eur,9208.4,1601368861.534012,9208.3,0.49628456,9208.4,5.04445808,9186.07384
Kraken,eth_usd,355.5,1601368865.369784,355.5,3.70048843,355.51,112.95940827,353.79034
Kraken,eth_usd,355.47,1601368865.829581,355.32,4.92013989,355.51,112.95940827,353.79096
Kraken,eth_eur,304.55,1601368866.722245,304.5,0.3756574,304.55,54.71477011,303.68424
Kraken,btc_eur,9208.4,1601368867.048802,9208.3,0.49628456,9208.4,5.34979596,9186.07963
Kraken,btc_eur,9208.4,1601368867.339193,9208.3,0.49628456,9208.4,4.34979596,9186.10734
Kraken,btc_usd,10739.3,1601368868.449951,10739.3,0.01285686,10740.6,4.91468128,10700.08183
Kraken,btc_eur,9207.3,1601368869.936018,9207.3,1.49628456,9208.4,4.34979596,9186.13424
Kraken,btc_usd,10740.6,1601368871.51439,10739.3,0.01285686,10740.6,4.13968128,10700.14442
Kraken,btc_eur,9208.2,1601368871.592119,9208.1,1.0,9208.2,0.09437905,9186.13431
Kraken,btc_usd,10740.2,1601368874.672561,10739.3,0.01285686,10740.2,0.69408412,10700.14471
Kraken,btc_eur,9208.1,1601368878.07937,9208.1,0.95458022,9208.2,0.88437905,9186.13554
Kraken,btc_eur,9208.2,1601368879.017239,9208.0,0.31199883,9208.2,1.95921575,9186.16287
Kraken,btc_eur,9208.1,1601368881.934545,9208.0,0.31199883,9208.1,2.46667926,9186.18592
Kraken,eth_usd,355.32,1601368886.057094,355.32,0.00013989,355.33,85.45297115,353.79096
Kraken,eth_usd,355.32,1601368886.846573,355.2,3.52013989,355.33,85.45297115,353.79096
Kraken,btc_eur,9208.0,1601368887.77329,9202.4,1.08667304,9208.1,5.50244824,9186.19434
Kraken,btc_usd,10734.5,1601368887.898149,10734.5,0.27998533,10739.2,4.61873381,10700.16699
Kraken,btc_usd,10736.9,1601368890.393016,10734.5,0.27998533,10736.9,0.53098286,10700.22259
Kraken,eth_usd,355.2,1601368894.085346,355.2,2.52013989,355.21,222.36427672,353.7911
Kraken,btc_eur,9203.4,1601368895.658821,9203.3,3.325,9203.4,9.00626419,9186.21559
Kraken,btc_eur,9203.3,1601368896.781197,9203.3,3.83589502,9203.4,9.00626419,9186.2301
Kraken,btc_eur,9203.4,1601368898.601406,9203.3,1.83589502,9203.4,8.00626419,9186.25126
Kraken,btc_eur,9203.4,1601368900.949386,9203.3,3.83589502,9203.4,7.11157302,9186.27015
Kraken,btc_eur,9203.3,1601368904.944892,9203.3,2.43589502,9203.4,7.11157302,9186.29109
Kraken,btc_usd,10739.1,1601368908.017586,10736.9,0.45235725,10739.1,1.49696492,10700.28038
Kraken,btc_eur,9203.4,1601368908.126802,9203.3,3.59889619,9203.4,7.08321623,9186.29156
Kraken,btc_usd,10737.0,1601368908.199,10737.0,2.34823611,10739.1,1.49696492,10700.28048
Kraken,btc_eur,9203.4,1601368908.589716,9203.3,3.59889619,9203.4,7.06104983,9186.29202
Kraken,btc_eur,9203.4,1601368909.028835,9203.3,3.59889619,9203.4,7.02966881,9186.29268
Kraken,btc_eur,9203.4,1601368909.940355,9203.3,3.59889619,9203.4,7.00783881,9186.29314
Kraken,eth_eur,304.56,1601368910.74049,304.51,22.78528518,304.56,298.19257433,303.6844
Kraken,eth_eur,304.56,1601368912.671077,304.51,8.32328518,304.56,327.94755917,303.68443
Kraken,btc_eur,9203.3,1601368912.889255,9203.3,3.56997908,9203.4,7.00783881,9186.29375
Kraken,btc_eur,9203.4,1601368913.38774,9203.3,3.56997908,9203.4,6.98603214,9186.29421
Kraken,btc_usd,10737.5,1601368914.798366,10737.5,0.52475509,10738.0,0.133,10700.28194
Kraken,btc_eur,9203.3,1601368918.011404,9203.3,1.84997908,9203.4,6.98603214,9186.33592
Kraken,btc_eur,9203.4,1601368921.362999,9203.3,2.27889619,9203.4,6.93203214,9186.33705
Kraken,btc_usd,10739.9,1601368921.718807,10736.8,0.56104219,10739.9,0.07557443,10700.40198
Kraken,btc_eur,9203.4,1601368924.183639,9203.3,4.27889619,9203.4,6.89745949,9186.33777
Kraken,btc_eur,9203.3,1601368924.256488,9203.3,4.04939619,9203.4,6.89745949,9186.34255
Kraken,btc_eur,9203.4,1601368925.37196,9203.3,1.64939619,9203.4,5.90372368,9186.36343
Kraken,eth_usd,355.21,1601368926.449427,355.21,19.46361891,355.22,10.0,353.79123
Kraken,btc_eur,9203.4,1601368927.855683,9203.3,1.64939619,9203.4,4.89745949,9186.38427
Kraken,btc_eur,9203.4,1601368927.871834,9203.3,1.64939619,9203.4,4.87573612,9186.38472
Kraken,btc_eur,9203.4,1601368927.961729,9203.3,1.64939619,9203.4,4.40673612,9186.39448
Kraken,btc_eur,9203.4,1601368928.555028,9203.3,3.64939619,9203.4,4.38430353,9186.39494
Kraken,btc_eur,9203.4,1601368928.974824,9203.3,0.9505,9203.4,4.36271875,9186.39539
Kraken,eth_eur,304.5,1601368929.173201,304.43,24.07641073,304.56,349.06281046,303.68493
Kraken,btc_eur,9203.4,1601368929.426167,9203.3,0.9505,9203.4,4.34199238,9186.39582
Kraken,btc_eur,9203.4,1601368929.863762,9203.3,0.9505,9203.4,4.31992614,9186.39628
Kraken,btc_eur,9203.4,1601368930.282241,9203.3,0.9505,9203.4,4.29659766,9186.39676
Kraken,btc_eur,9203.4,1601368930.709339,9203.3,2.9505,9203.4,4.27382777,9186.39724
Kraken,btc_eur,9203.4,1601368931.166241,9203.3,2.9505,9203.4,4.25121691,9186.39771
Kraken,btc_eur,9203.4,1601368931.605743,9203.3,2.9505,9203.4,3.35652574,9186.41628
Kraken,btc_eur,9203.3,1601368931.947369,9203.3,1.9505,9203.4,3.35652574,9186.43686
Kraken,btc_eur,9203.4,1601368932.354853,9203.3,0.5,9203.4,3.33428973,9186.43732
Kraken,btc_eur,9203.4,1601368932.802725,9203.3,0.5,9203.4,3.30927419,9186.43784
Kraken,btc_eur,9203.4,1601368933.884064,9203.3,0.5,9203.4,3.28760691,9186.43829
Kraken,btc_usd,10737.5,1601368935.275382,10737.4,1.37821272,10737.5,1.0256,10700.45881
Kraken,btc_usd,10737.5,1601368935.430378,10737.4,1.37821272,10737.5,1.02328152,10700.45894
Kraken,btc_eur,9203.3,1601368947.497747,9203.3,4.01092762,9203.4,3.28760691,9186.43835
Kraken,btc_eur,9204.8,1601368948.883115,9203.3,2.01092762,9204.8,7.64395978,9186.55838
Kraken,btc_eur,9202.7,1601368950.227862,9202.7,0.12889659,9204.8,7.64395978,9186.57011
Kraken,btc_usd,10739.4,1601368954.481634,10737.5,0.44149919,10739.4,0.23177949,10700.49464
Kraken,btc_eur,9204.8,1601368956.857965,9204.7,2.51496937,9204.8,6.64395978,9186.59214
Kraken,btc_eur,9204.8,1601368958.647568,9204.7,1.61496937,9204.8,6.63904274,9186.59224
Kraken,btc_eur,9204.8,1601368959.489667,9204.7,1.61496937,9204.8,5.63904274,9186.61422
Kraken,btc_usd,10738.2,1601368964.826955,10738.2,0.34712482,10738.3,2.0,10700.49682
Kraken,btc_eur,9206.1,1601368967.358669,9206.0,0.44996937,9206.1,1.54921131,9186.63524
Kraken,btc_eur,9206.3,1601368968.87962,9206.2,0.01496937,9206.3,1.38362,9186.638
Kraken,btc_eur,9206.3,1601368969.404773,9206.2,0.01496937,9206.3,0.96662,9186.64788
Kraken,btc_eur,9206.3,1601368969.61844,9206.2,0.01496937,9206.3,0.95902,9186.64806
Kraken,btc_eur,9206.3,1601368973.502988,9206.3,0.00172137,9206.5,0.69873549,9186.64837
Kraken,eth_usd,355.5,1601368973.919361,355.49,46.22201715,355.5,45.18374078,353.79123
Kraken,btc_eur,9206.4,1601368976.412157,9206.4,1.99114964,9206.6,0.09703012,9186.64878
Kraken,btc_eur,9206.5,1601368978.079501,9206.5,0.05735036,9206.6,0.09703012,9186.65574
Kraken,btc_eur,9206.6,1601368983.367729,9206.5,0.05735036,9206.6,0.09030631,9186.6559
Kraken,btc_eur,9206.1,1601368987.31485,9206.1,0.98801234,9206.3,0.69875644,9186.65618
Kraken,btc_usd,10738.9,1601368988.408915,10738.9,0.48109095,10739.0,2.0,10700.49793
Kraken,btc_usd,10739.0,1601368988.528477,10738.9,0.48109095,10739.0,1.0,10700.55677
Kraken,btc_eur,9206.2,1601368988.665955,9203.4,0.0945,9206.2,1.82061479,9186.67961
Kraken,btc_eur,9205.1,1601368990.543535,9203.4,0.0945,9205.1,0.01157617,9186.6797
Kraken,btc_eur,9204.6,1601368991.591794,9204.6,0.95382,9204.9,2.01601512,9186.6807
Kraken,btc_usd,10738.9,1601368994.087719,10738.9,0.64509095,10739.0,2.0,10700.55682
Kraken,btc_eur,9205.6,1601368994.123285,9204.8,1.99,9205.6,0.02804776,9186.69462
Kraken,btc_eur,9205.8,1601368996.801751,9204.8,0.49,9205.8,0.39760822,9186.7173
Kraken,btc_usd,10738.9,1601369001.032277,10738.9,0.47067564,10739.0,7.13845191,10700.55738
Kraken,btc_eur,9206.1,1601369001.717295,9206.1,0.73948899,9206.2,2.69880411,9186.71956
Kraken,btc_usd,10738.9,1601369003.469689,10738.9,0.46967564,10739.0,7.16405191,10700.55743
Kraken,btc_eur,9206.2,1601369003.63466,9206.1,1.06948899,9206.2,0.49524197,9186.72432
Kraken,btc_eur,9206.1,1601369004.11963,9206.1,1.06048403,9206.2,0.49524197,9186.72453
Kraken,btc_eur,9206.2,1601369004.503539,9206.1,0.33,9206.4,0.04858258,9186.7361
Kraken,btc_eur,9206.4,1601369010.205182,9206.1,0.23524206,9206.4,1.66500258,9186.74514
Kraken,btc_eur,9206.3,1601369019.952807,9206.2,0.03041485,9206.7,0.69880454,9186.74741
Kraken,btc_eur,9206.7,1601369021.533266,9206.4,0.03041485,9206.7,0.61970062,9186.74931
Kraken,btc_eur,9206.8,1601369025.144104,9206.7,1.76541485,9206.8,6.48412848,9186.75303
Kraken,btc_eur,9206.8,1601369025.745389,9206.7,0.76541485,9206.8,5.48412848,9186.77702
Kraken,eth_eur,304.5,1601369027.434708,304.49,75.88181138,304.5,64.85833298,303.68493
Kraken,btc_eur,9206.7,1601369028.954086,9206.7,0.3675,9206.8,8.27989184,9186.78578
Kraken,btc_eur,9206.8,1601369028.994238,9206.7,0.3675,9206.8,7.27989184,9186.8097
Kraken,btc_eur,9204.0,1601369030.727795,9204.9,1.357e-05,9206.7,2.0,9186.87203
Kraken,eth_eur,304.5,1601369036.851454,304.49,75.88181138,304.5,62.35833298,303.68518
Kraken,btc_eur,9205.0,1601369039.912814,9204.0,0.40831476,9205.0,0.59699216,9186.88921
Kraken,btc_eur,9204.9,1601369040.320271,9204.0,0.40831476,9204.9,0.00309156,9186.88927
Kraken,btc_eur,9204.0,1601369043.118216,9204.0,0.40604701,9204.9,0.00309156,9186.88931
Kraken,btc_eur,9204.0,1601369043.846947,9204.0,0.38059901,9204.9,0.00309156,9186.88983
Kraken,btc_eur,9205.3,1601369046.77217,9204.2,0.69877445,9205.3,0.67563398,9186.89053
Kraken,btc_eur,9205.7,1601369050.599837,9205.6,0.435,9205.7,19.69876957,9186.91288
Kraken,btc_eur,9205.7,1601369050.989832,9205.6,0.435,9205.7,19.6553664,9186.91385
Kraken,btc_usd,10738.9,1601369051.009392,10738.9,0.46967564,10739.0,2.71632881,10700.55749
Kraken,btc_eur,9205.7,1601369052.853459,9204.6,0.6987366,9205.7,20.6553664,9186.93614
Kraken,btc_eur,9205.7,1601369055.642511,9204.6,2.6987366,9205.7,20.65069959,9186.93624
Kraken,btc_usd,10739.0,1601369061.837522,10738.9,0.46967564,10739.0,2.01903,10700.55788
Kraken,btc_eur,9205.5,1601369072.826499,9205.4,1.59639943,9205.5,2.0273683,9186.95599
Kraken,btc_usd,10738.9,1601369074.958422,10738.9,0.45077539,10739.0,2.01903,10700.55899
Kraken,btc_eur,9205.2,1601369078.076979,9203.4,0.0945,9205.6,3.08203,9186.97759
Kraken,btc_eur,9204.6,1601369083.568045,9204.5,1.31373882,9204.6,4.38412848,9186.97968
Kraken,btc_eur,9204.6,1601369083.585215,9204.5,1.31373882,9204.6,3.38412848,9187.00051
Kraken,btc_eur,9204.6,1601369084.882836,9204.5,1.31373882,9204.6,3.35463588,9187.00112
Kraken,btc_eur,9204.6,1601369086.19666,9204.5,1.84947419,9204.6,2.45700418,9187.01978
Kraken,eth_eur,304.5,1601369087.414242,304.49,171.38181138,304.5,60.71333298,303.68533
Kraken,btc_eur,9204.6,1601369087.713172,9204.5,1.84947419,9204.6,1.91498996,9187.03103
Kraken,btc_eur,9204.6,1601369088.179732,9204.5,1.84947419,9204.6,1.80678996,9187.03327
Kraken,eth_eur,304.5,1601369091.195807,304.49,151.38181138,304.5,60.97760974,303.68538
Kraken,btc_eur,9204.6,1601369094.671454,9204.5,1.81373882,9204.6,1.79614311,9187.03349
Kraken,eth_eur,304.5,1601369097.165127,304.49,150.88181138,304.5,60.9450137,303.68538
Kraken,btc_eur,9204.6,1601369106.069085,9204.5,1.515,9204.6,1.77088473,9187.03402
Kraken,btc_eur,9204.6,1601369106.468426,9204.5,1.515,9204.6,0.77088473,9187.05472
Kraken,eth_eur,304.7,1601369107.938382,304.67,7.26937705,304.7,297.88395949,303.68539
Kraken,btc_eur,9204.6,1601369108.463576,9204.5,1.81367343,9205.3,8.65069959,9187.07065
Kraken,btc_eur,9205.1,1601369116.047335,9205.1,1.56989951,9205.2,1.229,9187.07086
Kraken,btc_eur,9205.2,1601369116.827162,9205.1,0.58,9205.2,0.229,9187.09219
Kraken,btc_usd,10740.6,1601369119.161497,10739.6,0.69867343,10740.6,6.31860385,10700.61987
Kraken,btc_eur,9205.3,1601369119.772647,9205.2,2.47620294,9205.3,8.53405311,9187.09469
Kraken,btc_eur,9205.3,1601369123.663913,9205.2,2.47620294,9205.3,8.53659746,9187.09492
Kraken,eth_usd,355.43,1601369123.816067,355.42,99.26284173,355.43,6.50586011,353.79124
Kraken,eth_eur,304.69,1601369123.975889,304.69,35.23834592,304.7,327.88395949,303.68564
Kraken,btc_eur,9205.2,1601369131.216641,9205.2,0.43241248,9205.3,8.52310641,9187.09508
Kraken,btc_eur,9205.3,1601369135.857485,9205.2,0.43241248,9205.3,7.52310641,9187.11647
Kraken,btc_eur,9205.3,1601369135.8907,9205.2,0.43241248,9205.3,6.93410847,9187.12904
Kraken,btc_eur,9205.3,1601369136.591675,9205.2,2.46861542,9205.3,5.81620847,9187.15285
Kraken,btc_eur,9205.3,1601369137.231973,9205.2,2.46861542,9205.3,4.81620847,9187.1741
Kraken,btc_eur,9205.3,1601369139.879693,9205.2,2.46861542,9205.3,3.91857677,9187.19313
Kraken,btc_eur,9205.2,1601369140.977785,9205.2,1.38658542,9205.3,3.91857677,9187.2159
Kraken,btc_usd,10740.0,1601369141.359349,10740.0,0.67976379,10740.5,3.9814188,10700.621
Kraken,btc_eur,9205.2,1601369146.320509,9205.2,1.60444384,9205.3,3.91857677,9187.21637
Kraken,eth_usd,355.43,1601369160.635903,355.42,60.68563606,355.43,5.50586011,353.7914
Kraken,btc_eur,9205.2,1601369160.930591,9205.2,2.40900718,9205.3,3.91857677,9187.21652
Kraken,btc_eur,9205.3,1601369162.606815,9205.2,0.37280424,9205.3,3.91314506,9187.21663
Kraken,btc_eur,9205.3,1601369164.173239,9205.2,0.37280424,9205.3,3.66336236,9187.22191
Kraken,eth_eur,304.66,1601369165.494882,304.65,28.82396709,304.66,297.85219455,303.68565
Kraken,btc_eur,9205.3,1601369165.925887,9205.2,0.37280424,9205.3,2.66336236,9187.24299
Kraken,btc_eur,9205.3,1601369168.633808,9205.2,4.47380718,9205.3,1.66336236,9187.26403
Kraken,btc_eur,9205.3,1601369168.644762,9205.2,4.47380718,9205.3,1.65826236,9187.26414
Kraken,btc_usd,10738.9,1601369169.766374,10738.9,1.13056803,10740.5,3.9814188,10700.62211
Kraken,btc_eur,9205.3,1601369171.572454,9205.2,4.47380718,9205.3,1.45934093,9187.28298
Kraken,btc_eur,9205.3,1601369175.971602,9205.2,6.47380718,9205.3,1.45123866,9187.28315
Kraken,eth_usd,355.43,1601369178.385888,355.42,16.0,355.43,6.4397125,353.79155
Kraken,btc_usd,10739.2,1601369184.93574,10739.2,0.69771027,10740.5,4.68012008,10700.62217
Kraken,btc_usd,10739.8,1601369192.507474,10739.8,0.68815201,10740.5,0.3,10700.6233
Kraken,btc_eur,9205.3,1601369195.369446,9205.2,7.83066468,9205.3,1.93764503,9187.28372
Kraken,btc_eur,9205.3,1601369195.404267,9205.2,7.83066468,9205.3,0.93764503,9187.30467
Kraken,eth_usd,355.43,1601369195.822392,355.42,36.23201715,355.43,5.00586011,353.79171
Kraken,btc_eur,9205.3,1601369198.360647,9205.2,7.83066468,9205.7,10.6986734,9187.32426
Kraken,eth_eur,304.55,1601369198.559451,304.53,28.1349186,304.56,298.61647131,303.68599
Kraken,btc_eur,9205.6,1601369201.486441,9205.5,0.765,9205.7,10.6986734,9187.33632
Kraken,btc_eur,9205.7,1601369204.212796,9205.6,1.49122552,9205.7,10.69589553,9187.33638
Kraken,btc_eur,9205.7,1601369204.387519,9205.6,1.1,9205.7,10.30467001,9187.34471
Kraken,btc_eur,9205.7,1601369205.129288,9205.6,3.1,9205.7,10.30344101,9187.34474
Kraken,btc_usd,10740.1,1601369205.765048,10740.1,0.69520784,10740.5,0.3,10700.62351
Kraken,btc_eur,9205.6,1601369213.670831,9205.2,7.45786044,9205.7,12.81127779,9187.368
Kraken,btc_eur,9205.2,1601369216.503958,9205.2,3.89786044,9205.3,3.1,9187.44124
Kraken,btc_eur,9205.3,1601369225.936983,9205.2,3.99948995,9205.3,4.10783276,9187.46182
Kraken,btc_eur,9205.3,1601369226.758389,9205.2,3.99948995,9205.3,3.10142477,9187.46195
Kraken,btc_eur,9205.2,1601369227.358977,9205.2,2.69948995,9205.3,3.10142477,9187.48849
Kraken,btc_eur,9205.2,1601369228.391355,9205.2,2.69441461,9205.3,3.19846611,9187.48859
Kraken,btc_eur,9205.3,1601369228.838101,9205.2,2.69441461,9205.3,2.19846611,9187.50906
Kraken,btc_usd,10738.9,1601369228.849536,10738.9,0.39406898,10739.0,6.3185277,10700.62572
Kraken,btc_eur,9205.2,1601369229.470553,9205.2,0.69441461,9205.3,2.19846611,9187.54963
Kraken,btc_eur,9205.2,1601369231.579747,9203.4,0.1945,9205.3,4.10142477,9187.56368
Kraken,btc_eur,9205.2,1601369231.771507,9203.4,0.1945,9205.2,0.20795369,9187.5818
Kraken,eth_eur,304.51,1601369233.181719,304.5,2.9885,304.51,140.77345336,303.68601
Kraken,btc_usd,10738.9,1601369236.100047,10738.9,0.37616413,10739.0,6.61806869,10700.62682
Kraken,btc_eur,9203.5,1601369236.837333,9203.4,0.5945,9203.5,12.97008956,9187.58969
Kraken,btc_eur,9203.5,1601369236.879716,9203.4,0.5945,9203.5,12.45164584,9187.59912
Kraken,btc_eur,9203.5,1601369238.733872,9203.4,0.5945,9203.5,14.44868651,9187.60094
Kraken,btc_eur,9203.5,1601369245.300028,9203.4,0.1945,9203.5,11.3390417,9187.60112
Kraken,eth_eur,304.5,1601369249.654147,304.5,0.00476831,304.51,140.77345336,303.68629
Kraken,btc_eur,9203.5,1601369257.359987,9203.4,0.1945,9203.5,10.3390417,9187.61927
Kraken,btc_eur,9203.5,1601369257.94194,9203.4,0.4795,9203.5,9.7138417,9187.6306
Kraken,btc_eur,9203.5,1601369260.376496,9203.4,0.4795,9203.5,8.7138417,9187.64869
Kraken,btc_eur,9203.5,1601369263.318811,9203.4,0.4795,9203.5,7.81621,9187.66489
Kraken,btc_eur,9203.5,1601369266.263624,9203.4,0.4795,9203.5,7.814073,9187.66493
Kraken,btc_eur,9203.5,1601369267.791081,9203.4,0.4795,9203.5,7.2266732,9187.67551
Kraken,eth_usd,355.21,1601369273.335415,355.2,2.52013989,355.21,55.57867382,353.79172
Kraken,btc_eur,9203.5,1601369273.414599,9203.4,0.1945,9203.5,7.94880745,9187.68225
Kraken,btc_eur,9203.5,1601369281.058601,9203.4,0.1945,9203.5,8.00645545,9187.71815
Kraken,btc_eur,9203.5,1601369286.880182,9203.4,0.1945,9203.5,19.06045545,9187.72129
Kraken,btc_eur,9203.5,1601369287.621679,9203.4,0.1945,9203.5,16.83145545,9187.73917
Kraken,eth_eur,304.24,1601369289.614299,304.23,59.99243733,304.24,1.46927676,303.68646
Kraken,eth_eur,304.23,1601369289.648532,304.23,56.47681733,304.24,1.46927676,303.68669
Kraken,btc_eur,9203.5,1601369290.987428,9203.4,0.1945,9203.5,15.83145545,9187.75701
Kraken,btc_eur,9203.5,1601369293.103584,9203.4,0.1945,9203.5,13.93382375,9187.77299
Kraken,btc_eur,9203.4,1601369296.413041,9203.4,0.1253603,9203.5,14.82696409,9187.77421
Kraken,btc_eur,9203.4,1601369296.488237,9203.4,0.11555422,9203.5,14.82696409,9187.77438
Kraken,eth_eur,304.23,1601369298.555235,304.23,24.50580446,304.26,11.21213838,303.6867
Kraken,btc_eur,9203.4,1601369300.939186,9203.4,0.08184222,9203.5,16.82696409,9187.77498
Kraken,btc_eur,9203.5,1601369301.001657,9203.4,0.08184222,9203.5,16.81041028,9187.77527
Kraken,btc_eur,9203.4,1601369305.650653,9202.4,1.18667304,9203.5,16.90746794,9187.77672
Kraken,btc_usd,10739.0,1601369309.593295,10738.9,0.37616413,10739.0,11.28215185,10700.69622
Kraken,btc_eur,9202.4,1601369310.95029,9202.4,1.15857158,9202.5,3.14563664,9187.77718
Kraken,btc_eur,9202.4,1601369310.963857,9202.4,1.14080355,9202.5,3.14563664,9187.77748
Kraken,eth_eur,304.24,1601369312.315809,304.24,20.00791425,304.26,0.38213838,303.68677
Kraken,btc_eur,9202.5,1601369316.420633,9202.4,1.14080355,9202.5,2.09705965,9187.7941
Kraken,btc_eur,9202.5,1601369317.940188,9202.4,1.14080355,9202.5,1.09705965,9187.81069
Kraken,btc_eur,9202.5,1601369319.673874,9202.4,1.34080355,9202.5,0.24800402,9187.82555
Kraken,btc_eur,9202.5,1601369323.611595,9202.4,1.14080355,9202.5,2.56751071,9187.82597
Kraken,btc_eur,9202.5,1601369336.39638,9202.4,1.34080355,9202.5,2.51457502,9187.82845
Kraken,eth_usd,355.2,1601369342.629406,355.2,3.989e-05,355.21,221.73978129,353.79206
Kraken,eth_usd,355.2,1601369342.974822,354.96,5.05,355.21,221.73978129,353.79206
Kraken,btc_eur,9202.5,1601369343.813229,9202.4,1.14080355,9202.5,2.4706374,9187.82918
Kraken,btc_eur,9202.5,1601369344.186007,9202.4,1.14080355,9202.5,2.44427545,9187.82962
Kraken,btc_eur,9202.5,1601369344.806927,9202.4,1.14080355,9202.5,3.41320096,9187.83013
Kraken,btc_eur,9202.5,1601369345.709542,9202.4,1.14080355,9202.5,2.41320096,9187.84664
Kraken,eth_usd,354.7,1601369346.168776,354.7,27.66125966,354.91,132.41188361,353.79258
Kraken,btc_eur,9202.5,1601369348.594689,9202.4,1.34080355,9202.7,1.51618489,9187.8631
Kraken,btc_usd,10738.9,1601369351.098986,10738.9,0.18808207,10739.0,14.11136881,10700.70716
Kraken,btc_eur,9202.7,1601369351.303499,9202.6,0.27120294,9202.7,0.36855319,9187.87806
Kraken,btc_eur,9202.6,1601369357.831946,9202.6,0.13012237,9202.7,3.21328565,9187.87979
Kraken,btc_usd,10739.0,1601369362.783671,10738.9,0.18808207,10739.0,14.75585206,10700.72882
Kraken,btc_eur,9202.4,1601369363.707306,9202.4,1.10609092,9202.7,3.21328565,9187.88251
Kraken,btc_usd,10738.9,1601369363.946403,10738.9,0.09404104,10739.0,14.75585206,10700.73428
Kraken,btc_usd,10738.9,1601369364.369021,10738.9,1e-08,10739.0,14.75585206,10700.73974
Kraken,btc_usd,10731.7,1601369364.729728,10731.7,0.08109002,10739.0,14.84723493,10700.74204
Kraken,btc_eur,9202.4,1601369366.164222,9202.4,0.55304546,9202.5,2.0,9187.89151
Kraken,btc_eur,9202.4,1601369370.728898,9202.4,0.463026,9202.5,2.0,9187.89298
Kraken,btc_eur,9202.7,1601369372.2109,9202.4,0.463026,9202.7,4.40461965,9187.94213
Kraken,btc_eur,9202.7,1601369372.587033,9202.4,0.463026,9202.7,4.40261965,9187.94216
Kraken,btc_eur,9202.5,1601369375.570404,9202.4,0.463026,9202.5,1.58487841,9187.95842
Kraken,btc_usd,10732.3,1601369376.612,10731.1,0.00772043,10732.3,0.42774862,10700.75529
Kraken,btc_eur,9202.5,1601369377.68692,9202.4,0.463026,9202.5,0.58487841,9187.97464
Kraken,btc_eur,9202.4,1601369378.028959,9202.4,0.343026,9202.5,0.58487841,9187.97657
Kraken,btc_eur,9202.5,1601369379.902386,9202.4,0.343026,9202.5,1.68724671,9187.99109
Kraken,eth_eur,304.01,1601369380.008668,304.0,15.0,304.01,307.16281731,303.68678
Kraken,btc_eur,9202.4,1601369381.975607,9202.4,0.171513,9202.5,1.68724671,9187.99384
Kraken,btc_usd,10730.0,1601369383.410882,10730.0,0.20414588,10731.8,0.00467548,10700.76404
Kraken,eth_eur,304.01,1601369383.618167,304.0,15.0,304.01,307.1046712,303.68678
Kraken,btc_eur,9202.4,1601369391.137092,9202.4,0.16961136,9202.5,2.00770293,9187.99387
Kraken,btc_eur,9202.5,1601369398.615802,9202.4,0.16961136,9202.5,1.99686449,9187.99405
Kraken,btc_eur,9202.5,1601369400.080161,9202.4,0.16961136,9202.5,1.99236449,9187.99412
Kraken,btc_eur,9202.4,1601369400.453792,9202.4,0.16494127,9202.5,1.99236449,9187.9942
Kraken,btc_eur,9202.5,1601369406.396758,9202.4,0.16494127,9202.5,4.69693198,9187.99527
Kraken,btc_eur,9202.5,1601369408.263353,9202.4,0.56494127,9202.5,3.69693198,9188.01141
Kraken,btc_usd,10733.4,1601369408.53533,10731.3,0.40467547,10733.4,0.49423644,10700.79782
Kraken,btc_eur,9202.4,1601369409.265228,9202.4,2.52163077,9202.5,2.0,9188.01268
Kraken,eth_eur,304.0,1601369410.637448,304.0,84.25027369,304.01,297.85219455,303.68688
Kraken,btc_eur,9202.5,1601369411.297253,9202.4,0.47981016,9202.5,1.69916556,9188.02878
Kraken,eth_eur,304.0,1601369411.332919,304.0,82.96860369,304.01,297.85219455,303.68693
Kraken,btc_eur,9202.5,1601369414.22164,9202.4,0.47981016,9202.5,1.80153386,9188.0432
Kraken,eth_usd,354.76,1601369421.422768,354.71,14.68563606,354.76,4.57986011,353.79258
Kraken,btc_eur,9201.7,1601369424.087651,9201.7,0.5919436,9202.5,2.69916556,9188.0446
Kraken,eth_usd,354.76,1601369424.289981,354.64,0.22201715,354.76,3.17016011,353.79271
Kraken,btc_usd,10732.8,1601369425.362251,10732.5,0.19,10733.8,0.13384951,10700.89396
Kraken,btc_eur,9202.0,1601369426.480109,9201.8,0.26,9202.0,0.02136596,9188.04494
Kraken,eth_eur,304.0,1601369428.741773,304.0,10.72708,304.01,78.33,303.68694
Kraken,btc_eur,9202.1,1601369432.315518,9201.9,0.355,9202.1,0.67047839,9188.04572
Kraken,btc_eur,9201.8,1601369436.49408,9201.7,0.1919436,9201.8,0.04330762,9188.04594
Kraken,btc_eur,9201.8,1601369437.798142,9201.7,0.1919436,9201.9,0.04852667,9188.0466
Kraken,btc_eur,9201.9,1601369440.630298,9201.8,0.28,9202.0,0.25,9188.04735
Kraken,btc_eur,9202.1,1601369443.814822,9202.0,1.17,9202.1,0.66080299,9188.0475
Kraken,btc_eur,9202.1,1601369445.516401,9202.0,0.17,9202.1,9.85496514,9188.06308
Kraken,eth_usd,354.68,1601369445.757116,354.61,0.22201715,354.68,15.14838845,353.79693
Kraken,btc_eur,9201.8,1601369448.463133,9201.7,0.1919436,9201.8,9.0,9188.07829
Kraken,eth_eur,304.01,1601369450.600917,304.0,10.72708,304.01,80.59480751,303.68694
Kraken,btc_eur,9201.8,1601369451.187795,9201.7,0.1919436,9201.8,8.24273186,9188.09052
Kraken,btc_eur,9201.8,1601369460.432787,9201.7,0.1919436,9201.8,20.23990186,9188.09057
Kraken,btc_eur,9201.7,1601369461.163989,9201.7,0.14858411,9201.8,20.23990186,9188.09122
Kraken,btc_eur,9201.7,1601369465.706464,9201.7,0.13900236,9201.8,20.89061632,9188.09136
Kraken,btc_eur,9201.7,1601369466.599263,9201.7,0.12233045,9201.8,20.89832626,9188.09161
Kraken,btc_eur,9201.8,1601369468.042183,9201.7,0.12233045,9201.8,21.89832626,9188.10676
Kraken,btc_eur,9201.8,1601369470.814245,9201.7,0.32733045,9201.8,18.89832626,9188.12188
Kraken,btc_eur,9201.8,1601369473.162768,9201.7,0.12233045,9201.8,18.8747262,9188.12223
Kraken,btc_eur,9201.8,1601369473.581524,9201.7,0.12233045,9201.8,18.84830869,9188.12263
Kraken,btc_eur,9201.8,1601369473.728595,9201.7,0.12233045,9201.8,17.95067699,9188.13617
Kraken,btc_eur,9201.8,1601369474.078478,9201.7,0.12233045,9201.8,17.92714722,9188.13652
Kraken,btc_eur,9201.8,1601369474.92459,9201.7,0.32733045,9201.8,17.902927,9188.13689
Kraken,btc_eur,9201.8,1601369475.347961,9201.7,0.12233045,9201.8,17.87788264,9188.13727
Kraken,btc_eur,9201.8,1601369475.890999,9201.7,0.12233045,9201.8,17.85292386,9188.13764
Kraken,btc_eur,9201.8,1601369476.375647,9201.7,0.12233045,9201.8,17.82938434,9188.138
Kraken,btc_eur,9201.8,1601369476.898215,9201.7,0.12233045,9201.8,17.80607041,9188.13835
Kraken,btc_eur,9201.8,1601369477.332456,9201.7,2.12233045,9201.8,17.78318947,9188.13869
Kraken,btc_eur,9201.8,1601369477.757432,9201.7,2.12233045,9201.8,17.75848085,9188.13906
Kraken,btc_eur,9201.8,1601369478.815554,9201.7,0.12233045,9201.8,14.54848085,9188.18724
Kraken,btc_eur,9201.8,1601369486.976504,9201.7,0.12233045,9201.8,14.54592889,9188.18728
Kraken,btc_usd,10731.0,1601369489.483412,10730.9,1.41498862,10731.4,1.58927915,10700.91899
Kraken,btc_eur,9201.8,1601369490.682553,9201.7,0.12233045,9201.8,14.57422186,9188.18758
Kraken,btc_usd,10730.9,1601369491.394041,10730.9,1.09610734,10731.0,5.83496915,10700.92082
Kraken,btc_eur,9201.8,1601369494.962657,9201.7,0.12233045,9201.8,13.77177186,9188.19957
Kraken,btc_eur,9201.8,1601369496.979875,9201.7,2.15853339,9201.8,12.77177186,9188.21448
Kraken,btc_eur,9201.8,1601369497.247404,9201.7,2.15853339,9201.8,12.75107955,9188.21479
Kraken,btc_eur,9201.8,1601369498.039764,9201.7,2.15853339,9201.8,12.72848589,9188.21512
Kraken,btc_eur,9201.8,1601369498.494459,9201.7,2.15853339,9201.8,12.70505156,9188.21547
Kraken,btc_eur,9201.8,1601369499.269695,9201.7,2.15853339,9201.8,12.6824938,9188.21581
Kraken,btc_eur,9201.8,1601369499.402433,9201.7,2.51353339,9201.8,11.6824938,9188.23068
Kraken,btc_eur,9201.8,1601369501.880967,9201.7,0.12233045,9201.8,13.8612021,9188.24401
Kraken,btc_eur,9201.8,1601369504.364178,9201.7,0.12233045,9201.8,11.8570721,9188.24407
Kraken,btc_eur,9201.8,1601369508.971455,9201.7,0.12233045,9201.8,13.84718729,9188.24421
Kraken,eth_eur,304.01,1601369514.427237,304.0,10.72708,304.01,87.45358421,303.687
Kraken,btc_usd,10730.9,1601369516.957877,10730.9,0.51647479,10731.0,8.23435741,10700.92092
Kraken,btc_eur,9201.7,1601369519.763631,9201.7,0.11439909,9201.8,13.84718729,9188.24433
Kraken,eth_eur,304.0,1601369522.724906,304.0,7.43438778,304.01,87.45358421,303.68712
Kraken,btc_eur,9201.7,1601369523.977868,9201.7,0.09574909,9201.8,13.84718729,9188.24461
Kraken,btc_eur,9201.7,1601369524.212709,9201.7,0.27288464,9201.8,13.84718729,9188.2448
Kraken,btc_eur,9201.8,1601369526.61921,9201.7,0.11908758,9201.8,12.84718729,9188.25961
Kraken,btc_eur,9201.7,1601369528.04468,9201.7,0.26364919,9201.8,12.84718729,9188.26042
Kraken,btc_eur,9201.7,1601369529.008258,9201.7,0.25898748,9201.8,12.84718729,9188.26049
Kraken,btc_eur,9201.8,1601369529.483141,9201.7,0.25898748,9201.8,11.84718729,9188.27527
Kraken,btc_usd,10731.0,1601369531.346668,10730.9,0.65047479,10731.0,8.01115246,10700.92984
Kraken,btc_eur,9201.8,1601369532.527766,9201.7,0.25898748,9201.8,8.94955559,9188.2885
Kraken,eth_eur,304.0,1601369533.231194,304.0,4.14159771,304.01,108.6113119,303.68724
Kraken,btc_usd,10731.0,1601369534.201094,10730.9,0.65047479,10731.0,8.03617246,10700.92993
Kraken,eth_usd,354.62,1601369540.185441,354.6,3.5,354.62,12.53227584,353.79928
Kraken,btc_eur,9201.7,1601369542.916423,9201.7,0.15022876,9201.8,8.94955559,9188.29009
Kraken,btc_eur,9201.8,1601369556.874787,9201.7,0.15022876,9201.8,7.94955559,9188.30481
Kraken,btc_usd,10730.9,1601369558.073749,10730.9,0.62202202,10731.0,8.33617246,10700.93157
Kraken,eth_usd,354.65,1601369558.14329,354.64,67.69984963,354.65,2.2945119,353.80091
Kraken,btc_eur,9201.8,1601369559.60543,9201.7,0.16833023,9201.8,7.2893987,9188.31949
Kraken,btc_usd,10731.0,1601369560.115773,10730.9,1.02202202,10731.0,5.61944103,10700.97695
Kraken,btc_eur,9201.8,1601369562.559468,9201.7,0.56833023,9201.8,6.19756104,9188.33264
Kraken,btc_eur,9201.7,1601369563.652744,9201.7,0.56158023,9201.8,6.19756104,9188.33274
Kraken,btc_eur,9201.7,1601369565.091686,9201.7,2.5594052,9201.8,6.19756104,9188.33277
Kraken,eth_usd,354.67,1601369570.738584,354.66,122.63304212,354.67,0.11433011,353.80092
Kraken,btc_eur,9201.8,1601369571.255565,9201.7,0.14130373,9201.8,6.19618104,9188.33279
Kraken,btc_eur,9200.1,1601369572.20454,9200.1,0.63052404,9201.8,6.19618104,9188.33564
Kraken,btc_eur,9200.1,1601369572.217794,9200.1,0.5614037,9201.8,6.19618104,9188.33652
Kraken,btc_eur,9200.9,1601369583.421471,9200.9,1.10127,9201.0,2.69937401,9188.36375
Kraken,btc_eur,9201.0,1601369584.702922,9200.9,1.10127,9201.0,2.70671548,9188.3639
Kraken,btc_eur,9201.0,1601369586.486057,9200.9,1.10127,9201.0,1.70671548,9188.37758
Kraken,eth_eur,304.07,1601369587.728405,304.06,59.12400166,304.07,5.06201088,303.68724
Kraken,btc_eur,9201.0,1601369588.33838,9200.9,1.10127,9201.0,2.38518802,9188.37762
Kraken,btc_eur,9201.0,1601369588.763105,9200.9,1.10127,9201.0,1.38518802,9188.39127
Kraken,eth_usd,354.81,1601369591.062353,354.8,30.54740645,354.81,24.79417887,353.80093
Kraken,eth_usd,354.8,1601369591.36546,354.8,67.60443131,354.81,24.79417887,353.80095
Kraken,btc_eur,9201.0,1601369591.593797,9200.9,1.60127,9201.0,0.80174231,9188.4035
Kraken,btc_usd,10731.0,1601369591.89358,10730.9,0.96203283,10731.0,4.97603924,10700.98101
Kraken,btc_eur,9200.9,1601369593.37147,9200.9,1.36667252,9201.0,0.80174231,9188.40667
Kraken,btc_eur,9200.9,1601369594.678587,9200.9,3.18017098,9201.0,2.48755632,9188.40919
Kraken,btc_eur,9200.9,1601369594.753304,9200.9,3.15852941,9201.0,2.48755632,9188.40948
Kraken,btc_eur,9201.0,1601369603.31717,9200.9,3.15852941,9201.0,2.48111836,9188.40957
Kraken,btc_usd,10731.0,1601369609.403908,10730.9,0.62202863,10731.0,7.29106025,10700.98113
Kraken,btc_eur,9200.9,1601369613.460872,9200.9,0.39123284,9201.0,2.91921983,9188.41103
Kraken,btc_eur,9201.0,1601369617.974256,9200.9,0.39123284,9201.0,1.90111836,9188.42462
Kraken,btc_eur,9201.0,1601369619.603631,9200.9,0.58623284,9201.0,1.42,9188.43817
Kraken,btc_eur,9201.0,1601369622.343126,9200.9,0.58623284,9201.0,0.84092842,9188.45031
Kraken,eth_eur,304.06,1601369623.21468,304.06,41.0889225,304.07,5.06201088,303.68728
Kraken,btc_eur,9201.0,1601369626.744177,9200.9,0.58623284,9201.0,2.71399712,9188.45064
Kraken,btc_eur,9200.9,1601369629.999848,9200.9,0.57538784,9201.0,2.72170474,9188.45079
Kraken,eth_usd,354.8,1601369632.533772,354.8,34.38766104,354.81,25.39282,353.80287
Kraken,btc_eur,9201.0,1601369634.434944,9200.9,0.57538784,9201.0,2.60491074,9188.45237
Kraken,eth_usd,354.81,1601369641.790971,354.8,84.470591,354.94,0.75,353.80531
Kraken,eth_usd,354.94,1601369641.994475,354.93,0.05627587,355.03,1.45,353.80539
Kraken,btc_eur,9200.9,1601369642.159978,9200.9,3.10777464,9201.0,2.60471333,9188.45244
Kraken,btc_eur,9200.9,1601369642.526752,9200.9,3.10198522,9201.0,2.60471333,9188.45251
Kraken,eth_eur,304.29,1601369643.955796,304.28,3.03667,304.29,297.77059727,303.68729
Kraken,btc_eur,9201.0,1601369646.519829,9200.9,3.10198522,9201.0,1.60471333,9188.46601
Kraken,btc_eur,9201.0,1601369647.584879,9200.9,3.10198522,9201.0,1.63955259,9188.46607
Kraken,btc_eur,9201.0,1601369648.863748,9200.9,3.10198522,9201.0,0.63955259,9188.47953
Kraken,eth_eur,304.29,1601369649.229716,304.28,26.73490491,304.29,297.71471014,303.68729
Kraken,eth_eur,304.28,1601369650.326075,304.28,26.40954554,304.29,297.71471014,303.68732
Kraken,btc_eur,9201.0,1601369650.648839,9200.9,2.68388375,9201.0,1.74235477,9188.47959
Kraken,btc_eur,9201.0,1601369650.915358,9200.9,2.68388375,9201.0,0.84472307,9188.49165
Kraken,btc_eur,9201.0,1601369651.319251,9200.9,2.70198522,9201.0,0.84272307,9188.49168
Kraken,btc_eur,9200.9,1601369654.828208,9200.9,2.43020548,9201.0,2.4350632,9188.49505
Kraken,btc_eur,9200.9,1601369656.003168,9200.9,2.595,9201.0,2.4350632,9188.49639
Kraken,btc_eur,9201.0,1601369656.690474,9200.9,2.695,9201.0,2.43236395,9188.49642
Kraken,btc_eur,9200.9,1601369658.792783,9200.9,1.2086,9201.0,2.5294797,9188.51617
Kraken,btc_eur,9200.9,1601369669.476948,9200.9,3.04374013,9201.0,2.5294797,9188.51761
Kraken,btc_eur,9201.0,1601369670.314359,9200.9,1.02563866,9201.0,2.49666376,9188.51829
Kraken,btc_eur,9201.0,1601369676.67835,9200.9,2.62563866,9201.0,1.48305385,9188.53164
Kraken,btc_eur,9201.0,1601369677.561651,9200.9,2.62563866,9201.0,11.11243532,9188.53682
Kraken,btc_eur,9201.0,1601369679.605123,9200.9,2.62563866,9201.0,11.81908279,9188.55014
Kraken,btc_eur,9201.0,1601369681.335324,9200.9,2.62563866,9201.0,11.65862279,9188.55227
Kraken,btc_eur,9201.0,1601369683.293213,9200.9,2.62563866,9201.0,10.76548832,9188.56419
Kraken,eth_eur,304.28,1601369683.38977,304.28,55.42020856,304.29,297.71471014,303.68739
Kraken,btc_eur,9200.9,1601369693.908765,9200.9,1.79123138,9201.0,11.85533235,9188.56562
Kraken,btc_eur,9201.0,1601369694.001493,9200.9,1.79123138,9201.0,11.85005765,9188.56569
Kraken,btc_eur,9200.9,1601369700.972314,9200.9,0.09123138,9201.0,24.24505765,9188.58277
Kraken,btc_eur,9200.9,1601369703.831727,9200.9,0.09005058,9201.0,24.49505765,9188.58279
Kraken,btc_eur,9200.9,1601369704.70826,9200.0,22.62725542,9201.0,24.49505765,9188.58397
Kraken,btc_eur,9200.2,1601369705.79042,9200.0,22.62725542,9200.3,0.25,9188.58459
Kraken,btc_eur,9200.3,1601369708.703509,9200.0,22.62725542,9200.3,0.35292804,9188.59706
Kraken,eth_eur,304.29,1601369709.418022,304.28,35.4770611,304.29,297.96072665,303.68739
Kraken,btc_eur,9200.2,1601369710.583582,9200.0,22.22725542,9200.3,2.00211482,9188.60687
Kraken,btc_eur,9200.3,1601369711.611393,9200.2,0.86950279,9200.3,1.00211482,9188.61928
Kraken,btc_eur,9200.3,1601369714.247734,9200.2,0.86950279,9200.3,1.15274773,9188.62978
Kraken,btc_eur,9200.2,1601369719.479636,9200.2,0.86815094,9200.3,2.05224372,9188.6298
Kraken,btc_eur,9200.3,1601369723.888932,9200.2,0.86815094,9200.3,1.18532593,9188.64053
Kraken,eth_usd,355.14,1601369731.629099,355.14,5.84582399,355.15,38.03033217,353.8054
Kraken,btc_eur,9200.2,1601369733.46429,9200.2,2.60715094,9200.3,2.05224372,9188.64372
Kraken,btc_eur,9200.3,1601369736.895935,9200.2,2.60715094,9200.3,1.05224372,9188.65606
Kraken,btc_eur,9200.3,1601369739.431512,9200.2,3.00715094,9200.3,1.00261791,9188.66838
Kraken,btc_eur,9200.3,1601369742.361199,9200.2,3.00715094,9200.3,0.10498621,9188.67941
Kraken,btc_eur,9200.3,1601369744.027079,9200.2,3.54335388,9200.3,0.35398621,9188.67942
Kraken,btc_eur,9200.3,1601369746.409223,9200.2,3.10715094,9200.3,2.14566,9188.68069
Kraken,eth_eur,304.3,1601369748.552061,304.29,75.25681797,304.3,14.0,303.68743
Kraken,eth_usd,355.14,1601369751.851358,355.14,5.27378343,355.15,27.12428725,353.8055
Kraken,btc_eur,9200.3,1601369756.595673,9200.2,3.41029094,9200.3,2.04066,9188.68198
Kraken,btc_eur,9200.3,1601369758.272468,9200.2,3.41029094,9200.3,2.03567,9188.68204
Kraken,btc_eur,9200.3,1601369761.640186,9200.2,3.41029094,9200.3,1.97957,9188.68273
Kraken,eth_usd,355.09,1601369765.388665,355.09,0.20795944,355.11,4.92791011,353.8055
Kraken,btc_eur,9200.3,1601369765.681384,9200.2,3.41029094,9200.3,0.89501379,9188.69498
Kraken,btc_eur,9200.3,1601369766.383343,9200.2,3.44649388,9200.3,0.88406379,9188.69512
Kraken,btc_usd,10731.0,1601369768.508403,10730.9,0.135,10731.0,11.61367504,10700.98151
Kraken,btc_eur,9200.3,1601369768.673291,9200.2,3.44649388,9200.4,0.69940776,9188.70593
Kraken,btc_eur,9200.4,1601369770.706593,9200.3,3.25213915,9200.5,0.69940776,9188.71455
Kraken,btc_eur,9200.5,1601369772.432407,9200.4,3.43679518,9200.5,0.38524761,9188.71844
Kraken,btc_eur,9200.4,1601369782.749836,9200.4,3.07836084,9200.5,2.63524761,9188.71916
Kraken,btc_eur,9200.4,1601369790.459762,9200.4,3.4876836,9200.5,2.63524761,9188.71926
Kraken,btc_usd,10731.0,1601369793.615811,10730.9,0.611,10731.0,5.19935257,10700.99759
Kraken,btc_eur,9200.5,1601369797.89152,9200.4,4.98648797,9200.5,1.63524761,9188.73166
Kraken,btc_eur,9200.4,1601369800.069946,9200.4,4.92874577,9200.5,2.0,9188.73236
Kraken,eth_usd,355.1,1601369800.077866,355.1,0.18798832,355.15,30.0,353.80551
Kraken,btc_eur,9200.5,1601369801.320924,9200.4,2.9106443,9200.5,1.69940776,9188.74473
Kraken,btc_eur,9200.5,1601369803.57499,9200.4,4.52874577,9200.5,0.80177606,9188.7558
Kraken,btc_eur,9200.5,1601369803.689639,9200.4,4.52874577,9200.5,0.79674413,9188.75586
Kraken,btc_eur,9200.4,1601369806.622392,9200.4,4.92541831,9200.5,1.99496807,9188.7559
Kraken,btc_eur,9200.5,1601369807.1861,9200.4,4.92541831,9200.5,1.98478381,9188.75603
Kraken,btc_eur,9201.0,1601369812.82351,9200.9,3.52652783,9201.0,18.97486745,9188.75675
Kraken,eth_eur,304.34,1601369812.857688,304.33,58.18612029,304.34,12.36928757,303.68755
Kraken,btc_eur,9200.9,1601369812.875969,9200.9,3.52390148,9201.0,18.97486745,9188.75678
Kraken,btc_eur,9200.9,1601369817.319517,9200.9,4.87145585,9201.0,18.97486745,9188.77144
Kraken,btc_eur,9200.9,1601369819.556177,9200.9,4.86907855,9201.0,20.97486745,9188.77147
Kraken,eth_eur,304.38,1601369823.22471,304.36,56.44031491,304.38,11.72013,303.68759
Kraken,btc_eur,9201.0,1601369823.789019,9200.9,4.81787378,9201.0,20.96817856,9188.77156
Kraken,btc_eur,9201.0,1601369825.587464,9200.9,4.81787378,9201.0,19.96817856,9188.78436
Kraken,btc_eur,9200.9,1601369827.977836,9200.9,4.81955899,9201.0,19.96817856,9188.78445
Kraken,btc_eur,9201.0,1601369828.176369,9200.9,4.81955899,9201.0,18.96817856,9188.79723
Kraken,btc_eur,9201.0,1601369829.187257,9200.9,4.81955899,9201.0,18.07054686,9188.80868
Kraken,btc_usd,10734.7,1601369834.78411,10734.6,1.24182546,10734.7,3.54990909,10701.00678
Kraken,btc_eur,9200.9,1601369835.407536,9200.9,4.89009849,9201.0,18.07054686,9188.80873
Kraken,btc_eur,9200.9,1601369843.325746,9200.9,5.65206905,9201.0,18.07054686,9188.8089
Kraken,btc_eur,9201.0,1601369845.111273,9200.9,5.65206905,9201.0,18.06089284,9188.80903
Kraken,btc_usd,10733.8,1601369850.038767,10733.8,0.122125,10733.9,0.16862249,10701.00737
Kraken,btc_eur,9200.9,1601369851.982921,9200.9,5.56558603,9201.0,18.25676694,9188.81001
Kraken,btc_eur,9201.0,1601369854.533321,9200.9,5.56558603,9201.0,18.02522708,9188.81295
Kraken,eth_eur,304.3,1601369855.412905,304.3,20.43601951,304.31,83.11980751,303.68764
Kraken,btc_eur,9201.0,1601369856.560203,9200.9,4.86644897,9201.0,17.28751812,9188.82567
Kraken,btc_eur,9201.0,1601369858.071146,9200.9,3.65368437,9201.0,17.25385812,9188.8261
Kraken,btc_eur,9201.0,1601369859.490048,9200.9,3.65368437,9201.0,16.25385812,9188.83879
Kraken,btc_usd,10731.1,1601369860.668771,10731.1,0.67187302,10733.9,5.28521947,10701.00866
Kraken,btc_eur,9201.0,1601369862.445475,9200.9,3.65368437,9201.0,15.32907422,9188.85016
Kraken,eth_eur,304.32,1601369866.957549,304.31,21.12862153,304.32,33.81131575,303.68771
Kraken,btc_eur,9201.0,1601369869.527838,9200.9,5.6627351,9201.0,15.35571322,9188.85073
Kraken,btc_eur,9200.9,1601369872.562385,9200.9,5.0627351,9201.0,15.35571322,9188.86327
Kraken,eth_eur,304.33,1601369883.619901,304.33,21.08772293,304.34,48.32990376,303.68772
Kraken,btc_usd,10735.3,1601369883.827959,10731.0,0.54253227,10735.3,1.70315608,10701.91388
Kraken,btc_eur,9201.0,1601369884.427591,9200.9,4.95680437,9201.0,15.3478893,9188.86336
Kraken,btc_eur,9201.0,1601369884.803554,9200.9,2.95680437,9201.0,15.36532274,9188.86349
Kraken,eth_eur,304.35,1601369886.488396,304.34,3.105,304.35,297.63865268,303.68772
Kraken,btc_eur,9201.0,1601369886.690144,9200.9,4.95680437,9201.0,14.33817054,9188.8761
Kraken,btc_eur,9200.9,1601369887.542227,9200.9,4.9304651,9201.0,14.33817054,9188.87654
Kraken,btc_usd,10732.7,1601369888.046554,10731.9,0.69921878,10732.8,0.24391875,10701.91409
Kraken,btc_eur,9201.0,1601369888.699254,9200.9,2.92141437,9201.0,14.33515155,9188.87658
Kraken,btc_eur,9201.0,1601369889.119469,9200.9,2.92141437,9201.0,14.20176539,9188.87826
Kraken,btc_eur,9201.0,1601369889.275872,9200.9,2.92141437,9201.0,13.20176539,9188.89084
Kraken,btc_eur,9201.0,1601369890.365873,9200.9,4.92141437,9201.0,13.09604704,9188.89217
Kraken,btc_eur,9201.0,1601369892.027211,9200.9,4.9304651,9201.0,12.19841534,9188.90344
Kraken,eth_eur,304.35,1601369896.602334,304.34,62.55395197,304.35,297.60638622,303.68772
Kraken,btc_eur,9201.0,1601369900.074722,9200.9,6.02966278,9201.0,9.26072165,9188.91523
Kraken,btc_eur,9200.9,1601369900.632635,9200.9,5.38227278,9201.0,9.26072165,9188.9183
Kraken,btc_eur,9201.0,1601369908.574035,9200.9,2.67402437,9201.0,11.28540385,9188.91833
Kraken,eth_eur,304.33,1601369914.280107,304.33,23.02375389,304.34,52.47490376,303.68773
Kraken,btc_eur,9201.0,1601369917.62649,9200.9,2.67402437,9201.0,10.28540385,9188.93083
Kraken,btc_eur,9200.9,1601369919.067162,9200.9,4.71091517,9201.0,10.25825165,9188.93903
Kraken,btc_eur,9201.0,1601369920.434561,9200.9,2.71091517,9201.0,9.25825165,9188.95148
Kraken,eth_eur,304.34,1601369921.799181,304.33,62.27844791,304.34,11.68,303.68774
Kraken,btc_eur,9201.0,1601369922.720394,9200.9,5.1199659,9201.0,8.36061995,9188.96264
Kraken,btc_eur,9201.0,1601369928.496533,9200.9,5.1199659,9201.0,8.35601995,9188.9627
Kraken,eth_eur,304.33,1601369929.403112,304.33,62.24431359,304.34,11.68,303.68774
Kraken,btc_eur,9200.9,1601369938.258796,9200.9,5.11728308,9201.0,8.35601995,9188.96273
Kraken,eth_usd,355.14,1601369938.855098,355.14,0.10084081,355.15,32.9256405,353.80552
Kraken,btc_eur,9201.0,1601369943.528867,9200.9,4.70823235,9201.0,8.42923668,9188.96303
Kraken,btc_eur,9201.0,1601369943.560879,9200.9,4.70823235,9201.0,8.19883668,9188.96589
Kraken,eth_eur,304.35,1601369943.573889,304.34,73.7590669,304.35,296.95412269,303.68779
Kraken,eth_usd,355.14,1601369944.983832,355.14,69.11145641,355.15,11.8,353.80553
Kraken,btc_eur,9200.9,1601369945.080522,9200.9,5.04345389,9201.0,6.19883668,9188.9668
Kraken,btc_eur,9200.9,1601369945.176657,9200.9,4.9696247,9201.0,6.19883668,9188.96771
Kraken,btc_eur,9200.9,1601369945.278928,9200.9,4.92657059,9201.0,6.19883668,9188.96824
Kraken,btc_eur,9200.9,1601369945.690084,9200.9,4.91290059,9201.0,6.19883668,9188.96841
Kraken,btc_eur,9201.0,1601369947.094143,9200.9,4.91290059,9201.0,5.19883668,9188.9808
Kraken,btc_eur,9200.9,1601369947.094734,9200.9,4.90969059,9201.0,5.19883668,9188.98084
Kraken,btc_eur,9201.0,1601369949.192899,9200.9,5.97073059,9201.0,4.19883668,9188.99321
Kraken,btc_usd,10732.6,1601369949.811287,10732.6,0.39438216,10732.7,0.13785599,10701.91457
Kraken,btc_eur,9201.0,1601369952.701766,9200.9,7.15573059,9201.0,3.30120498,9189.00429
Kraken,eth_eur,304.44,1601369955.212299,304.44,54.42092866,304.45,296.95412269,303.68806
Kraken,eth_eur,304.45,1601369955.288823,304.44,54.42092866,304.45,296.62800164,303.68809
Kraken,btc_eur,9200.9,1601369958.040077,9200.9,7.15354583,9201.0,4.80120498,9189.00432
Kraken,btc_eur,9201.0,1601369961.339003,9200.9,7.75354583,9201.0,2.65053303,9189.00498
Kraken,btc_eur,9201.0,1601369963.645432,9200.9,7.75354583,9201.0,2.64853303,9189.00501
Kraken,btc_usd,10736.1,1601369964.107684,10736.1,0.46673558,10736.3,2.5415561,10701.91472
Kraken,btc_eur,9201.0,1601369964.357465,9200.9,7.75354583,9201.0,2.63853303,9189.00513
Kraken,btc_eur,9201.0,1601369965.441321,9200.9,7.75354583,9201.0,2.63311511,9189.0052
Kraken,eth_eur,304.47,1601369965.852853,304.47,56.72605138,304.48,0.04026,303.68819
Kraken,eth_eur,304.48,1601369969.011638,304.47,56.72587527,304.48,0.00765861,303.68819
Kraken,eth_eur,304.5,1601369975.015089,304.47,56.72587527,304.5,39.65892692,303.68962
Kraken,btc_eur,9201.0,1601369975.242971,9200.9,7.75354583,9201.0,2.67595394,9189.00587
Kraken,eth_eur,304.49,1601369975.462154,304.49,42.72790253,304.5,39.65892692,303.68962
Kraken,eth_eur,304.49,1601369975.556327,304.49,44.51465017,304.5,39.65892692,303.68963
Kraken,btc_eur,9201.0,1601369976.581994,9200.9,7.75354583,9201.0,1.67595394,9189.01818
Kraken,btc_eur,9201.0,1601369978.504648,9200.9,7.75354583,9201.0,0.67595394,9189.03048
Kraken,btc_eur,9201.4,1601369978.637931,9200.9,7.75354583,9201.4,0.64535394,9189.04327
Kraken,btc_eur,9201.3,1601369979.06753,9201.3,2.4102862,9201.4,0.64535394,9189.04439
Kraken,btc_eur,9201.8,1601369983.074467,9201.8,2.26147438,9201.9,1.09604864,9189.04444
Kraken,btc_eur,9201.9,1601369983.755281,9201.8,3.36147438,9201.9,0.19841694,9189.05626
Kraken,eth_eur,304.49,1601369984.093116,304.49,91.71683401,304.5,39.65892692,303.68963
Kraken,btc_eur,9201.9,1601369984.100853,9201.8,4.6773643,9201.9,0.18920794,9189.05638
Kraken,btc_eur,9201.8,1601369984.356944,9201.8,4.67495656,9201.9,0.18920794,9189.05641
Kraken,btc_eur,9201.8,1601369986.630552,9201.8,4.66572656,9201.9,0.18920794,9189.05653
Kraken,eth_eur,304.49,1601369994.77975,304.49,105.12536659,304.5,39.65892692,303.68973
Kraken,btc_usd,10735.4,1601369995.643014,10735.4,0.67967974,10736.3,0.24391875,10701.91566
Kraken,eth_eur,304.49,1601369997.319751,304.49,104.58656912,304.5,39.65892692,303.68978
Kraken,eth_eur,304.49,1601369998.732813,304.49,50.96268166,304.5,41.94317929,303.68987
Kraken,eth_eur,304.5,1601369999.184502,304.49,51.12821195,304.5,338.32345103,303.6899
Kraken,btc_eur,9201.9,1601369999.193889,9201.8,4.67477729,9201.9,2.08220005,9189.05794
Kraken,eth_eur,304.49,1601369999.308618,304.49,35.09102124,304.5,338.32345103,303.6899
Kraken,btc_eur,9201.8,1601370001.554902,9201.8,4.89547329,9201.9,2.08220005,9189.06028
Kraken,btc_eur,9201.8,1601370002.647747,9201.8,4.85778857,9201.9,2.08220005,9189.06077
Kraken,btc_eur,9201.8,1601370003.805311,9201.8,4.82599355,9201.9,2.08220005,9189.06118
Kraken,btc_eur,9201.9,1601370004.653766,9201.8,5.52498102,9201.9,2.08004122,9189.06121
Kraken,btc_eur,9201.8,1601370005.212059,9201.8,5.52168274,9201.9,2.08004122,9189.06125
Kraken,btc_eur,9201.9,1601370007.087087,9201.8,5.52168274,9201.9,1.08004122,9189.07438
Kraken,btc_eur,9201.9,1601370008.922212,9201.8,4.42269527,9201.9,1.17606074,9189.0744
Kraken,btc_eur,9201.9,1601370009.195588,9201.8,4.42269527,9201.9,0.07898976,9189.0875
Kraken,btc_eur,9202.2,1601370011.002602,9201.9,3.60905073,9202.2,2.23989781,9189.08888
Kraken,btc_eur,9202.2,1601370011.415683,9201.9,3.10905073,9202.2,2.23531381,9189.08894
Kraken,btc_eur,9202.2,1601370011.919317,9201.9,3.10905073,9202.2,2.22551381,9189.08907
Kraken,btc_eur,9202.3,1601370014.67142,9202.2,4.10519503,9202.4,0.05687058,9189.09783
Kraken,btc_eur,9202.4,1601370018.48193,9202.3,3.57905073,9202.4,0.50821762,9189.10119
Kraken,btc_eur,9202.4,1601370020.857844,9202.3,4.57519503,9202.4,2.39073946,9189.10279
Kraken,eth_eur,304.5,1601370021.519778,304.49,83.97481389,304.5,39.26119702,303.68992
Kraken,btc_eur,9202.3,1601370024.73628,9202.3,4.5715745,9202.4,2.39073946,9189.10284
Kraken,btc_eur,9202.3,1601370026.996442,9202.3,4.56736661,9202.4,2.48780647,9189.10289
Kraken,btc_eur,9202.4,1601370028.448557,9202.3,4.56736661,9202.4,2.38063946,9189.10303
Kraken,eth_usd,355.2,1601370029.968301,355.19,100.90819626,355.2,3.47986011,353.80553
Kraken,eth_eur,304.49,1601370035.432589,304.49,83.89721135,304.5,39.26119702,303.68992
Kraken,btc_eur,9202.4,1601370037.679794,9202.3,4.96736661,9202.4,1.38063946,9189.11658
Kraken,eth_usd,355.19,1601370038.774288,355.19,145.35819626,355.2,3.47986011,353.8056
Kraken,eth_usd,355.19,1601370039.100391,355.19,101.35819626,355.2,3.47986011,353.80566
Kraken,btc_eur,9202.4,1601370040.630174,9202.3,4.5661443,9202.4,1.74760201,9189.13011
Kraken,btc_eur,9202.4,1601370043.559895,9202.3,4.57128082,9202.4,0.84997031,9189.14222
Kraken,eth_usd,355.2,1601370048.180557,355.19,102.35822827,355.2,2.91753016,353.80574
Kraken,eth_usd,355.2,1601370054.647401,355.19,102.12353786,355.2,0.0060545,353.8062
Kraken,eth_usd,355.2,1601370054.776288,355.19,102.12353786,355.32,4.95,353.8062
Kraken,btc_eur,9202.3,1601370054.996574,9202.3,5.27011303,9202.4,2.32766263,9189.14228
Kraken,btc_eur,9202.3,1601370055.945517,9202.3,5.26723546,9202.4,2.37608952,9189.14232
Kraken,eth_eur,304.49,1601370059.389996,304.49,48.01874031,304.5,41.81484813,303.68996
Kraken,eth_eur,304.49,1601370064.587253,304.49,53.2284747,304.5,39.26119702,303.68999
Kraken,btc_eur,9202.4,1601370067.054325,9202.3,4.86723546,9202.5,2.22551381,9189.15305
Kraken,btc_eur,9202.5,1601370067.937242,9202.4,3.52582984,9202.5,2.34905479,9189.15335
Kraken,btc_eur,9202.5,1601370068.403329,9202.4,4.08723354,9202.5,2.32676599,9189.15365
Kraken,btc_eur,9202.5,1601370068.846031,9202.4,4.52197414,9202.5,2.15811231,9189.15396
Kraken,btc_eur,9202.5,1601370069.898258,9202.4,4.31792753,9202.5,1.15811231,9189.16751
Kraken,btc_eur,9202.5,1601370070.587247,9202.4,4.87933123,9202.5,1.13612179,9189.16781
Kraken,btc_eur,9202.5,1601370071.308888,9202.4,4.31792753,9202.5,1.03282587,9189.16921
Kraken,btc_eur,9202.5,1601370071.39844,9202.4,4.31792753,9202.5,1.01448987,9189.16945
Kraken,btc_eur,9202.5,1601370072.647852,9202.4,4.31792753,9202.5,0.01448987,9189.18297
Kraken,btc_eur,9202.6,1601370075.011813,9202.6,1.957,9202.7,0.1,9189.18356
Kraken,btc_eur,9202.7,1601370075.591563,9202.6,3.057,9202.7,0.79432547,9189.18495
Kraken,eth_eur,304.41,1601370078.526453,304.4,33.695795,304.41,14.55105507,303.68999
Kraken,btc_eur,9202.7,1601370084.91141,9202.6,4.4531443,9202.7,2.78940843,9189.18502
Kraken,btc_usd,10736.1,1601370091.4474,10736.0,0.46707355,10736.1,0.11182398,10701.91853
Kraken,btc_eur,9202.7,1601370096.738254,9202.6,1.0218343,9202.7,14.91637918,9189.19871
Kraken,btc_eur,9202.7,1601370099.668497,9202.6,1.2318343,9202.7,14.82591852,9189.21237
Kraken,btc_eur,9202.7,1601370102.590019,9202.6,1.0218343,9202.7,13.52692473,9189.22461
Kraken,eth_eur,304.41,1601370104.706707,304.4,3.695795,304.41,143.60740087,303.69007
Kraken,btc_usd,10736.1,1601370110.11036,10736.0,0.00320121,10736.1,16.64635766,10701.91923
Kraken,eth_eur,304.4,1601370116.066888,304.4,1.94514926,304.41,137.441959,303.69022
Kraken,btc_eur,9202.7,1601370116.469987,9202.6,1.0218343,9202.7,15.84684152,9189.22518
Kraken,btc_eur,9202.6,1601370119.686837,9202.6,0.9784373,9202.7,15.84684152,9189.22577
Kraken,btc_eur,9202.7,1601370120.301983,9202.6,0.9784373,9202.7,15.73814152,9189.22725
Kraken,btc_eur,9202.7,1601370124.561046,9202.6,1.9634373,9202.7,12.69415667,9189.23192
Kraken,btc_eur,9202.7,1601370125.802068,9202.6,3.96857382,9202.7,11.69415667,9189.24551
Kraken,btc_eur,9202.6,1601370126.010196,9202.6,3.91396733,9202.7,11.69415667,9189.24625
Kraken,btc_eur,9202.7,1601370127.674981,9202.6,1.90883081,9202.7,5.21915667,9189.34064
Kraken,btc_eur,9202.7,1601370128.686383,9202.6,3.91396733,9202.7,3.69415758,9189.35402
Kraken,btc_eur,9202.7,1601370129.698534,9202.6,3.51396733,9202.7,3.69115758,9189.35406
Kraken,btc_eur,9202.7,1601370131.43853,9202.6,0.92896733,9202.7,3.68198758,9189.35418
Kraken,btc_eur,9202.7,1601370131.617327,9202.6,0.92896733,9202.7,2.78435588,9189.36616
Kraken,btc_eur,9202.6,1601370132.009351,9202.6,2.68216733,9202.7,2.78435588,9189.37234
Kraken,btc_usd,10736.1,1601370134.903528,10736.0,0.00320121,10736.1,6.84355606,10701.91935
Kraken,btc_eur,9202.7,1601370140.235177,9202.6,2.68216733,9202.8,0.79897602,9189.40999
Kraken,btc_eur,9202.8,1601370140.569569,9202.7,3.82200255,9202.8,0.69568347,9189.41136
Kraken,btc_eur,9202.8,1601370157.307343,9202.7,5.15847988,9202.8,1.84137422,9189.4247
Kraken,btc_eur,9202.8,1601370160.226507,9202.7,4.75334336,9202.8,1.84466677,9189.43801
Kraken,btc_eur,9202.8,1601370162.739353,9202.7,4.75847988,9202.8,0.94703507,9189.44993
Kraken,btc_eur,9202.7,1601370164.75379,9202.7,4.58234988,9202.8,0.94703507,9189.45225
Kraken,btc_eur,9202.7,1601370172.517153,9202.7,4.50424836,9202.8,2.79603795,9189.45321
Kraken,btc_eur,9202.7,1601370174.218527,9202.7,4.39847836,9202.8,2.79603795,9189.4546
Kraken,btc_eur,9202.8,1601370176.219434,9202.7,4.39847836,9202.8,2.79381795,9189.45463
Kraken,btc_eur,9202.8,1601370182.836602,9202.7,4.39847836,9202.8,2.551221,9189.45656
Kraken,btc_eur,9202.8,1601370183.817927,9202.7,4.39847836,9202.8,2.54302196,9189.45667
Kraken,btc_eur,9202.7,1601370186.781145,9202.7,4.39482052,9202.8,2.59165136,9189.45672
Kraken,btc_eur,9202.7,1601370187.495227,9202.7,4.35439803,9202.8,2.59165136,9189.45725
Kraken,btc_eur,9202.7,1601370187.514743,9202.7,4.26112075,9202.8,2.59165136,9189.45848
Kraken,btc_eur,9202.7,1601370187.521832,9202.7,4.25299499,9202.8,2.59165136,9189.45859
Kraken,btc_eur,9202.8,1601370187.659294,9202.7,2.25299499,9202.8,1.59165136,9189.47183
Kraken,btc_eur,9202.8,1601370190.593249,9202.7,1.59799499,9202.8,4.59367183,9189.48504
Kraken,btc_eur,9202.8,1601370191.740321,9202.7,1.59799499,9202.8,2.55572642,9189.48513
Kraken,btc_eur,9202.7,1601370192.427746,9202.7,1.8538249,9202.8,2.58679283,9189.48538
Kraken,btc_eur,9202.8,1601370193.311865,9202.7,1.5788249,9202.8,1.68916113,9189.49722
Kraken,eth_usd,355.23,1601370196.167057,355.22,3.0,355.23,22.16728393,353.80622
Kraken,btc_eur,9202.8,1601370198.128466,9202.7,3.8788249,9202.8,3.28728414,9189.49737
Kraken,eth_eur,304.4,1601370203.668707,304.4,0.21835722,304.41,205.00842971,303.69036
Kraken,btc_eur,9202.8,1601370208.27115,9202.7,1.8788249,9202.8,3.22577225,9189.49758
Kraken,btc_eur,9202.8,1601370217.183264,9202.7,2.2788249,9202.8,1.71263838,9189.51074
Kraken,btc_eur,9202.8,1601370219.604545,9202.7,2.2788249,9202.8,1.74761278,9189.52388
Kraken,btc_eur,9202.8,1601370221.336146,9202.7,4.28396142,9202.8,0.80134432,9189.53565
Kraken,btc_eur,9202.8,1601370227.832412,9202.7,3.8788249,9202.8,1.83806594,9189.54386
Kraken,btc_eur,9202.8,1601370233.347151,9202.7,4.2788249,9202.8,2.52435196,9189.54403
Kraken,eth_eur,304.41,1601370234.602721,304.4,18.47904655,304.41,14.757626,303.69037
Kraken,eth_eur,304.41,1601370244.974662,304.4,3.29835722,304.41,14.73748611,303.69037
Kraken,btc_eur,9202.8,1601370245.868075,9202.7,3.23134081,9202.8,2.02247686,9189.5525
Kraken,btc_eur,9202.8,1601370246.603029,9202.7,3.23134081,9202.8,1.02247686,9189.56555
Kraken,btc_eur,9202.8,1601370249.183076,9202.7,3.23647733,9202.8,0.02247686,9189.57858
Kraken,btc_eur,9202.7,1601370249.431791,9202.7,3.22801693,9202.8,0.02247686,9189.57869
Kraken,eth_eur,304.4,1601370250.757287,304.4,2.5234321,304.41,14.73748611,303.69044
Kraken,btc_eur,9202.8,1601370250.996954,9202.7,3.22288041,9202.8,1.67699574,9189.59037
Kraken,btc_eur,9202.8,1601370251.428179,9202.7,3.22288041,9202.8,1.67240974,9189.59042
Kraken,eth_usd,355.29,1601370256.079274,355.28,1.22,355.29,19.13775073,353.80735
Kraken,btc_eur,9202.8,1601370256.781491,9202.7,3.22288041,9202.8,3.20016385,9189.59086
Kraken,btc_eur,9202.8,1601370261.241128,9202.7,3.72288041,9202.8,4.32514868,9189.59112
Kraken,eth_eur,304.36,1601370263.250886,304.32,58.15243157,304.36,262.29851353,303.69327
Kraken,eth_eur,304.35,1601370267.947796,304.34,3.6,304.35,1.22601309,303.69333
Kraken,eth_usd,355.29,1601370268.088744,355.28,1.60660737,355.29,21.41162293,353.80737
Kraken,eth_eur,304.35,1601370269.127863,304.34,3.6,304.35,0.41073725,303.6934
Kraken,btc_eur,9202.7,1601370274.932138,9202.7,4.13802129,9202.8,5.85773293,9189.59126
Kraken,btc_eur,9202.8,1601370277.176113,9202.7,4.13802129,9202.8,4.85773293,9189.60424
Kraken,btc_eur,9202.8,1601370279.961232,9202.7,3.73802129,9202.8,3.85773293,9189.61719
Kraken,btc_eur,9202.7,1601370281.260503,9202.7,3.53802129,9202.8,4.76903383,9189.61976
Kraken,btc_eur,9202.8,1601370282.579065,9202.7,3.53802129,9202.8,4.60144456,9189.63136
Kraken,btc_eur,9202.8,1601370283.401557,9202.7,3.53802129,9202.8,3.37995772,9189.63782
Kraken,btc_eur,9202.8,1601370286.548695,9202.7,3.53802129,9202.8,5.39122294,9189.63808
Kraken,btc_eur,9202.8,1601370293.601802,9202.7,4.64195893,9202.8,3.07498165,9189.63841
Kraken,eth_eur,304.43,1601370293.870529,304.4,21.1048081,304.5,39.26119702,303.69382
Kraken,btc_eur,9202.8,1601370303.477143,9202.7,4.14195893,9202.8,1.98372973,9189.63861
Kraken,btc_eur,9202.8,1601370303.875645,9202.7,4.14195893,9202.8,1.80072973,9189.64097
Kraken,btc_eur,9202.7,1601370304.583106,9202.7,4.1414582,9202.8,1.80072973,9189.64098
Kraken,btc_usd,10736.8,1601370304.760135,10736.8,4.24764679,10736.9,2.0,10701.92793
Kraken,eth_usd,355.37,1601370304.844032,355.37,30.38287935,355.38,0.02013,353.80781
Kraken,btc_usd,10736.8,1601370305.111383,10736.8,4.16764679,10736.9,2.0,10701.93202
Kraken,btc_eur,9202.8,1601370305.558122,9202.7,4.1414582,9202.8,0.80072973,9189.65386
Kraken,btc_eur,9202.8,1601370307.865785,9202.7,4.13632168,9202.8,9.83179614,9189.66672
Kraken,btc_eur,9202.8,1601370309.43228,9202.7,3.03752056,9202.8,9.821358,9189.66685
Kraken,btc_eur,9202.8,1601370310.703872,9202.7,3.03752056,9202.8,10.9237263,9189.67837
Kraken,btc_eur,9202.8,1601370311.443658,9202.7,3.03752056,9202.8,11.01159644,9189.67849
Kraken,btc_eur,9202.7,1601370315.237991,9202.7,3.03317144,9202.8,9.01159644,9189.67854
Kraken,btc_eur,9202.8,1601370322.474745,9202.7,3.03317144,9202.8,8.95168647,9189.67931
Kraken,eth_usd,355.37,1601370326.361316,355.37,81.44769918,355.38,0.02013,353.80781
Kraken,btc_usd,10736.9,1601370327.51972,10736.8,4.73464679,10736.9,1.995,10701.93228
Kraken,btc_eur,9202.8,1601370329.896035,9202.7,3.03317144,9202.8,8.86941093,9189.67997
Kraken,eth_usd,355.37,1601370330.566084,355.37,81.33409918,355.38,0.02013,353.80783
Kraken,btc_eur,9202.8,1601370331.83029,9202.7,3.03317144,9202.8,8.86526926,9189.68002
Kraken,btc_eur,9202.7,1601370333.01711,9202.7,3.02567144,9202.8,8.86526926,9189.68012
Kraken,btc_eur,9202.8,1601370337.069089,9202.7,3.02567144,9202.8,7.86526926,9189.69292
Kraken,btc_eur,9202.7,1601370337.391145,9202.7,3.025681,9202.8,7.76822712,9189.69299
Kraken,btc_eur,9202.8,1601370339.204301,9202.7,3.025681,9202.8,6.76822712,9189.70577
Kraken,btc_eur,9202.7,1601370340.523286,9202.7,3.0201072,9202.8,6.76822712,9189.70584
Kraken,btc_eur,9202.8,1601370341.807217,9202.7,3.0201072,9202.8,5.87059542,9189.71729
Kraken,btc_eur,9202.6,1601370341.843088,9202.6,0.5688274,9202.8,5.87059542,9189.75699
Kraken,btc_eur,9202.7,1601370343.690884,9202.7,2.48200653,9202.8,5.87059542,9189.75728
Kraken,btc_eur,9202.7,1601370344.784801,9202.7,2.41668015,9202.8,5.87059542,9189.76558
Kraken,btc_eur,9202.8,1601370348.011921,9202.7,3.37101203,9202.8,4.88381737,9189.77928
Kraken,eth_usd,355.38,1601370356.192623,355.37,122.02275077,355.5,3.5,353.80783
Kraken,btc_eur,9202.8,1601370362.04074,9202.7,5.60219114,9202.8,4.68828751,9189.78052
Kraken,eth_eur,304.5,1601370364.134065,304.49,88.19817125,304.5,39.15585701,303.69383
Kraken,eth_usd,355.83,1601370364.543828,355.49,100.55283057,355.83,19.87656585,353.82997
Kraken,eth_eur,304.5,1601370364.600631,304.49,88.19817125,304.5,37.13180381,303.69402
Kraken,btc_eur,9203.0,1601370366.701772,9202.9,4.69013653,9203.4,2.0359,9189.7818
Kraken,btc_eur,9203.4,1601370369.678517,9203.3,6.85768084,9203.4,1.0359,9189.79499
Kraken,btc_eur,9203.3,1601370370.425648,9203.3,6.32059084,9203.4,1.0359,9189.79547
Kraken,btc_eur,9203.4,1601370371.45457,9203.3,6.32059084,9203.4,1.026728,9189.79559
Kraken,btc_eur,9203.4,1601370372.619297,9203.3,6.32059084,9203.4,0.026728,9189.80876
Kraken,btc_eur,9203.5,1601370375.181996,9203.5,2.64299271,9203.6,0.1,9189.81617
Kraken,btc_eur,9203.6,1601370375.6543,9203.5,3.14299271,9203.7,0.2,9189.81766
Kraken,btc_eur,9203.6,1601370376.440052,9203.6,3.26876062,9203.7,0.2,9189.81772
Kraken,eth_usd,355.8,1601370377.99768,355.76,30.0,355.8,3.63112957,353.83089
Kraken,eth_eur,304.5,1601370378.599451,304.49,89.27900145,304.5,35.93049917,303.69413
Kraken,btc_eur,9203.7,1601370378.630845,9203.6,4.36876062,9204.0,4.78828751,9189.8204
Kraken,eth_usd,355.78,1601370378.792906,355.78,28.79869536,355.8,3.63112957,353.83111
Kraken,btc_eur,9204.0,1601370381.241683,9203.9,2.5,9204.0,4.30669897,9189.827
Kraken,btc_eur,9204.0,1601370391.622028,9203.9,2.90513653,9204.0,4.3032157,9189.82705
Kraken,btc_eur,9204.0,1601370396.660509,9203.9,2.50513653,9204.0,3.62176129,9189.84073
Kraken,btc_eur,9204.0,1601370399.530266,9203.9,2.50513653,9204.0,3.3202292,9189.85438
Kraken,btc_eur,9204.0,1601370400.850039,9203.9,2.90513653,9204.0,4.41028724,9189.85726
Kraken,btc_eur,9204.0,1601370402.475106,9203.9,4.00513653,9204.0,3.51265554,9189.86949
Kraken,btc_eur,9204.0,1601370404.905897,9203.9,4.00513653,9204.0,3.50723721,9189.86957
Kraken,btc_eur,9203.9,1601370406.395656,9203.9,3.90513653,9204.0,3.50723721,9189.87092
Kraken,btc_usd,10740.5,1601370406.427652,10740.4,10.01009024,10742.2,0.2,10702.04495
Kraken,btc_usd,10742.2,1601370410.432891,10742.1,2.88303132,10743.1,0.13125988,10702.17357
Kraken,btc_eur,9203.9,1601370411.252602,9203.9,4.00187392,9204.0,4.20568601,9189.87096
Kraken,btc_eur,9203.9,1601370417.543125,9203.9,3.85125884,9204.0,4.20568601,9189.87293
Kraken,eth_eur,304.5,1601370422.46537,304.49,88.34900145,304.5,34.389266,303.69428
Kraken,btc_usd,10743.1,1601370422.53837,10743.0,0.98742802,10743.1,2.12951803,10702.17368
Kraken,btc_eur,9203.9,1601370423.479927,9203.9,3.28947548,9204.0,4.82047783,9189.87712
Kraken,btc_eur,9204.0,1601370423.910131,9203.9,3.54073432,9204.0,4.79489818,9189.87727
Kraken,btc_eur,9203.9,1601370424.348989,9203.9,2.54073432,9204.0,4.76126351,9189.89075
Kraken,btc_eur,9203.9,1601370425.551989,9203.9,1.54073432,9204.0,4.79489818,9189.90422
Kraken,btc_eur,9204.0,1601370427.650405,9203.9,1.56073432,9204.0,4.29489818,9189.91775
Kraken,eth_usd,355.85,1601370428.650131,355.84,2.73115012,355.85,1.69174368,353.83117
Kraken,btc_eur,9203.9,1601370429.103855,9203.9,1.55916213,9204.0,3.38189672,9189.91777
Kraken,btc_eur,9203.9,1601370429.92591,9203.9,2.55916213,9204.0,3.34826205,9189.93118
Kraken,btc_eur,9204.0,1601370430.696452,9203.9,0.52,9204.0,2.28489818,9189.94466
Kraken,btc_eur,9204.0,1601370431.44981,9203.9,0.755,9204.0,2.26656218,9189.9449
Kraken,btc_eur,9204.0,1601370432.0173,9203.9,2.755,9204.0,2.90066222,9189.94918
Kraken,btc_usd,10743.0,1601370432.573604,10742.9,1.31241184,10743.7,0.157,10702.29222
Kraken,btc_eur,9203.9,1601370432.689967,9203.9,1.755,9204.0,2.90066222,9189.96252
Kraken,btc_eur,9203.8,1601370433.094032,9203.5,0.698,9203.9,0.33073405,9189.96255
Kraken,btc_eur,9203.6,1601370433.65318,9203.5,0.698,9203.6,9.83229693,9189.97426
Kraken,btc_usd,10745.0,1601370441.846121,10744.9,4.214449,10746.5,0.157,10702.35413
Kraken,btc_usd,10746.5,1601370441.866771,10745.0,2.0,10746.5,0.13838409,10702.35532
Kraken,btc_usd,10749.7,1601370442.023833,10744.9,2.55890711,10749.8,0.21409938,10702.3792
Kraken,eth_eur,304.5,1601370442.111751,304.49,150.15434096,304.5,33.72104718,303.69434
Kraken,btc_usd,10748.8,1601370442.397801,10748.8,0.95962458,10748.9,0.05709938,10702.37927
Kraken,btc_usd,10748.8,1601370442.627894,10748.8,1.19862458,10748.9,1.85728658,10702.37934
Kraken,btc_usd,10748.8,1601370442.834252,10748.8,1.29762458,10748.9,2.05709938,10702.3794
Kraken,btc_usd,10749.9,1601370453.089965,10749.8,1.59792936,10750.0,1.2,10702.52729
Kraken,btc_eur,9204.3,1601370455.448964,9204.2,4.19330923,9204.6,0.1,9189.97563
Kraken,btc_usd,10749.9,1601370457.546438,10749.9,0.95316596,10750.0,2.90946834,10702.52735
Kraken,btc_usd,10749.9,1601370457.758323,10749.9,0.498,10750.0,2.90946834,10702.52742
Kraken,btc_usd,10749.9,1601370457.965967,10749.9,1.0077017,10750.0,2.90946834,10702.52749
Kraken,btc_eur,9204.6,1601370458.278785,9204.5,2.43799849,9204.7,0.1,9189.97702
Kraken,btc_eur,9204.7,1601370458.710375,9204.6,3.37621111,9204.7,0.09508345,9189.97709
Kraken,btc_eur,9204.7,1601370461.227182,9204.6,3.47621111,9206.2,0.00104,9189.97843
Kraken,btc_eur,9206.2,1601370464.233215,9206.1,4.77480113,9206.9,0.2012,9189.97845
Kraken,btc_eur,9206.9,1601370466.80097,9206.9,2.95391106,9207.0,0.30709938,9189.97928
Kraken,btc_usd,10749.8,1601370466.880683,10749.8,1.59692936,10749.9,1.91291282,10702.52756
Kraken,btc_usd,10749.8,1601370467.273443,10749.8,1.59592936,10749.9,1.91291282,10702.52763
Kraken,btc_eur,9207.0,1601370467.893722,9206.9,0.00513653,9207.3,0.09694282,9189.98334
Kraken,btc_usd,10749.8,1601370468.261575,10749.8,1.57713786,10749.9,1.85581344,10702.52891
Kraken,btc_eur,9207.3,1601370468.770807,9207.1,0.00513653,9207.3,0.06650682,9189.98385
Kraken,btc_eur,9207.3,1601370473.461823,9207.2,2.00513653,9208.4,20.0,9189.98495
Kraken,btc_eur,9208.1,1601370476.405693,9208.0,0.00655968,9208.1,2.15391009,9190.00224
Kraken,btc_usd,10749.8,1601370476.593413,10749.8,1.57613786,10749.9,8.1835336,10702.52898
Kraken,btc_usd,10749.8,1601370476.867534,10749.8,1.57513786,10749.9,8.1835336,10702.52905
Kraken,btc_usd,10749.8,1601370477.051019,10749.8,0.67413786,10749.9,8.1835336,10702.52912
Kraken,btc_usd,10749.3,1601370478.565151,10749.3,1.01216835,10749.4,2.07170413,10702.52918
Kraken,btc_usd,10749.3,1601370478.733965,10749.3,1.01116835,10749.4,2.07170413,10702.52925
Kraken,btc_eur,9208.1,1601370479.224421,9208.0,0.00655968,9208.1,0.75100947,9190.0195
Kraken,btc_eur,9208.0,1601370479.62772,9208.0,0.00040909,9208.1,4.99600947,9190.01951
Kraken,eth_eur,304.5,1601370481.816942,304.49,132.36549014,304.71,267.09851353,303.69752
Kraken,btc_eur,9207.9,1601370482.253856,9207.8,2.76780593,9207.9,2.44122404,9190.0235
Kraken,btc_eur,9207.9,1601370483.149766,9207.8,2.76780593,9207.9,2.673,9190.02353
Kraken,btc_eur,9207.9,1601370484.218519,9207.8,2.76780593,9207.9,2.659,9190.02377
Kraken,btc_eur,9207.9,1601370484.402738,9207.8,2.76780593,9207.9,0.57154906,9190.02526
Kraken,btc_usd,10749.3,1601370485.074694,10749.3,1.01016835,10749.4,2.07170413,10702.52932
Kraken,btc_usd,10749.3,1601370485.26896,10749.3,1.00916835,10749.4,2.07170413,10702.52939
Kraken,btc_eur,9207.9,1601370488.135107,9207.8,2.76780593,9207.9,3.70863467,9190.04229
Kraken,btc_eur,9207.8,1601370490.504802,9207.8,2.7663054,9207.9,4.5,9190.04231
Kraken,btc_eur,9207.9,1601370490.63776,9207.8,2.7663054,9207.9,3.5,9190.0593
Kraken,btc_eur,9207.9,1601370491.432464,9207.8,2.7663054,9207.9,3.477091,9190.05969
Kraken,btc_usd,10748.9,1601370492.436813,10748.9,0.028,10749.0,1.97529774,10702.52945
Kraken,btc_usd,10748.9,1601370492.644365,10748.9,0.027,10749.0,1.97529774,10702.52952
Kraken,btc_eur,9207.9,1601370493.468644,9207.8,2.7663054,9207.9,3.6794593,9190.07491
Kraken,btc_eur,9207.8,1601370497.397969,9207.8,2.75865421,9207.9,3.6,9190.07504
Kraken,btc_usd,10749.0,1601370500.675761,10748.9,0.417,10749.0,1.22528357,10702.57611
Kraken,btc_eur,9207.8,1601370501.363507,9207.8,3.68629074,9207.9,2.5,9190.09722
Kraken,eth_eur,304.74,1601370501.836299,304.74,63.6185361,304.75,262.29851353,303.69823
Kraken,eth_eur,304.74,1601370501.896906,304.74,63.32741709,304.75,262.29851353,303.69827
Kraken,btc_usd,10748.9,1601370503.250646,10748.9,0.416,10749.0,1.28238295,10702.57618
Kraken,btc_usd,10748.9,1601370503.456947,10748.9,0.415,10749.0,1.28238295,10702.57625
Kraken,eth_eur,304.74,1601370505.84458,304.74,63.24275623,304.75,262.29851353,303.69833
Kraken,btc_eur,9207.8,1601370505.97298,9207.8,3.80649234,9207.9,2.5,9190.0978
Kraken,btc_usd,10748.9,1601370506.117619,10748.9,0.814,10749.0,1.28238295,10702.57632
Kraken,eth_eur,304.76,1601370512.273146,304.76,30.09091018,304.79,262.29851353,303.69836
Kraken,btc_eur,9207.8,1601370512.873284,9207.8,1.6381934,9207.9,2.0,9190.09785
Kraken,btc_usd,10748.9,1601370514.464257,10748.9,2.4299291,10749.0,0.05909938,10702.57638
Kraken,btc_usd,10748.9,1601370515.010457,10748.9,2.4289291,10749.0,0.002,10702.57645
Kraken,btc_usd,10748.9,1601370515.382027,10748.9,2.4279291,10749.0,0.002,10702.57652
Kraken,btc_eur,9207.9,1601370516.45604,9207.8,2.0381934,9207.9,1.0,9190.11474
Kraken,btc_usd,10748.9,1601370516.482136,10748.9,2.4059291,10749.0,0.002,10702.57658
Kraken,btc_eur,9207.9,1601370517.713391,9207.8,2.0381934,9208.0,0.69815771,9190.13159
Kraken,btc_eur,9207.9,1601370520.361968,9207.9,2.19583453,9208.0,0.69815771,9190.13242
Kraken,btc_eur,9208.0,1601370520.44227,9207.9,2.19583453,9208.2,0.69815495,9190.14424
Kraken,btc_eur,9208.0,1601370520.79499,9208.0,2.10640252,9208.2,0.69815495,9190.1459
Kraken,eth_eur,304.78,1601370522.437175,304.78,63.51066735,304.79,262.29851353,303.69838
Kraken,btc_eur,9208.4,1601370523.287671,9208.3,2.0,9208.4,19.89359748,9190.14774
Kraken,eth_usd,355.87,1601370524.050888,355.86,190.46501997,356.08,0.02013,353.83135
Kraken,btc_eur,9208.3,1601370524.579253,9208.3,2.49790492,9208.4,19.89359748,9190.14777
Kraken,btc_eur,9208.4,1601370525.403501,9208.3,2.49790492,9208.4,19.79958347,9190.1494
Kraken,btc_usd,10748.9,1601370525.82154,10748.9,4.40960457,10749.0,0.06109938,10702.57665
Kraken,btc_usd,10748.9,1601370526.139235,10748.9,4.40860457,10749.0,0.004,10702.57672
Kraken,btc_eur,9208.4,1601370529.28684,9208.3,2.68790492,9208.4,19.77929947,9190.14975
Kraken,btc_eur,9208.4,1601370534.75126,9208.3,3.7857212,9208.4,19.77829947,9190.14976
Kraken,btc_usd,10750.0,1601370537.168908,10748.9,5.53442682,10751.4,0.03738904,10702.6727
Kraken,btc_eur,9208.3,1601370540.413971,9208.3,3.3671312,9208.4,19.77829947,9190.15008
Kraken,btc_eur,9208.4,1601370541.864932,9208.3,3.3671312,9208.4,19.0823181,9190.1621
Kraken,btc_usd,10751.4,1601370543.985157,10751.3,6.09967028,10752.0,0.00211877,10702.67532
Kraken,btc_usd,10752.0,1601370544.049332,10751.9,0.5,10752.9,0.157,10702.67547
Kraken,btc_usd,10753.0,1601370544.181442,10752.8,0.5,10754.0,0.00211095,10702.68879
Kraken,btc_usd,10754.0,1601370544.335673,10753.9,0.5,10755.0,1.0,10702.68895
Kraken,btc_usd,10755.0,1601370544.812,10754.9,2.35994158,10756.0,0.00212005,10702.76414
Kraken,btc_eur,9208.4,1601370545.527172,9208.3,5.9671312,9208.4,18.0823181,9190.17934
Kraken,btc_eur,9208.4,1601370545.780578,9208.3,5.9671312,9208.4,17.38490127,9190.19134
Kraken,btc_usd,10755.9,1601370546.98057,10755.9,4.94783198,10756.0,0.05921943,10702.76422
Kraken,btc_usd,10755.9,1601370547.475544,10755.9,5.44683198,10756.0,0.00212005,10702.76429
Kraken,btc_eur,9208.4,1601370548.519798,9208.3,5.9671312,9208.4,16.38490127,9190.20852
Kraken,btc_eur,9208.4,1601370551.473662,9208.3,5.9671312,9208.4,15.48726957,9190.22392
Kraken,btc_eur,9208.4,1601370551.482657,9208.3,5.9671312,9208.4,15.47123957,9190.22419
Kraken,btc_usd,10756.0,1601370552.746518,10755.9,4.94683198,10757.9,0.05709938,10702.76446
Kraken,btc_usd,10757.9,1601370552.755281,10756.1,2.99787995,10757.9,0.01009938,10702.76818
Kraken,btc_eur,9208.4,1601370555.387387,9208.3,5.9671312,9208.4,15.46752517,9190.22426
Kraken,btc_eur,9208.4,1601370564.789938,9208.3,5.5671312,9208.4,15.26752517,9190.22768
Kraken,btc_eur,9208.4,1601370571.345551,9208.3,7.0861312,9208.4,15.2630586,9190.22776
Kraken,btc_usd,10757.2,1601370573.103711,10757.2,4.88267547,10757.3,0.09642399,10702.76826
Kraken,btc_usd,10757.2,1601370573.271076,10757.2,0.53167547,10757.3,0.22218335,10702.76834
Kraken,btc_usd,10757.2,1601370574.320825,10757.2,0.03067547,10757.3,1.14438446,10702.76842
Kraken,btc_usd,10757.2,1601370574.498693,10757.2,0.02967547,10757.3,1.14438446,10702.76849
Kraken,btc_usd,10757.2,1601370574.685207,10757.2,0.02867547,10757.3,1.24644974,10702.76857
Kraken,btc_usd,10757.2,1601370574.939358,10757.2,0.02767547,10757.3,1.25225583,10702.76865
Kraken,btc_usd,10757.2,1601370575.079954,10757.2,0.02667547,10757.3,1.25225583,10702.76873
Kraken,btc_eur,9208.4,1601370575.379852,9208.3,6.6861312,9208.4,15.2357169,9190.22823
Kraken,btc_usd,10757.2,1601370575.526244,10757.2,0.02567547,10757.3,1.24644974,10702.76881
Kraken,btc_usd,10757.3,1601370575.716325,10757.2,0.02567547,10757.3,1.21935991,10702.77123
Kraken,eth_usd,356.07,1601370576.750159,356.07,117.04661375,356.08,0.02013,353.83137
Kraken,btc_usd,10757.2,1601370577.073792,10757.2,0.02467547,10757.3,1.27466447,10702.77131
Kraken,btc_usd,10757.2,1601370577.340042,10757.2,0.02367547,10757.3,1.27466447,10702.77139
Kraken,btc_usd,10757.2,1601370577.552427,10757.2,0.02267547,10757.3,1.27466447,10702.77146
Kraken,btc_eur,9208.4,1601370577.603354,9208.3,6.6861312,9208.4,14.2357169,9190.24534
Kraken,btc_usd,10757.2,1601370577.78713,10757.2,0.79667547,10757.3,1.39783439,10702.77154
Kraken,btc_usd,10757.2,1601370578.460382,10757.2,0.79567547,10757.3,1.39783439,10702.77162
Kraken,btc_usd,10757.2,1601370579.082324,10757.2,0.79467547,10757.3,1.39783439,10702.7717
Kraken,btc_usd,10757.2,1601370580.09068,10757.2,0.79367547,10757.3,1.39783439,10702.77178
Kraken,btc_eur,9208.4,1601370580.552183,9208.3,7.0861312,9208.4,13.2357169,9190.26242
Kraken,btc_usd,10757.2,1601370582.316401,10757.2,0.75643451,10757.3,1.84073501,10702.77323
Kraken,btc_eur,9208.4,1601370583.487448,9208.3,1.119,9208.4,15.96715151,9190.27772
Kraken,btc_eur,9208.4,1601370584.201664,9208.3,1.119,9208.4,16.52710424,9190.2779
Kraken,btc_eur,9208.4,1601370590.731866,9208.3,1.119,9208.4,16.52419424,9190.27795
Kraken,btc_eur,9208.3,1601370596.685087,9208.3,1.07041969,9208.4,18.52419424,9190.27877
Kraken,btc_usd,10749.9,1601370596.762055,10749.9,0.40181612,10750.0,0.79367408,10702.77355
Kraken,btc_eur,9208.3,1601370596.769346,9208.3,0.98274733,9208.4,18.52419424,9190.28026
Kraken,btc_eur,9208.3,1601370596.790798,9208.3,0.95877144,9208.4,18.52419424,9190.28066
Kraken,btc_eur,9208.3,1601370596.797703,9208.3,0.95289949,9208.4,18.52419424,9190.28076
Kraken,btc_eur,9208.3,1601370596.823324,9208.3,0.92020168,9208.4,18.56955531,9190.28131
Kraken,btc_usd,10749.9,1601370596.910575,10749.9,0.39598122,10750.0,0.79367408,10702.77395
Kraken,eth_usd,356.01,1601370599.740978,356.0,0.91854,356.01,0.0944763,353.8316
Kraken,btc_usd,10749.9,1601370601.096726,10749.9,0.71934429,10750.0,1.65053232,10702.78049
Kraken,btc_eur,9208.4,1601370605.150065,9208.3,1.32020168,9208.4,16.41520002,9190.28353
Kraken,btc_eur,9208.4,1601370606.296083,9208.3,0.92020168,9208.4,15.41520002,9190.30053
Kraken,btc_eur,9208.3,1601370608.939812,9208.3,3.23255845,9208.4,15.41520002,9190.30202
Kraken,btc_eur,9208.4,1601370609.012203,9208.3,3.23255845,9208.4,14.41520002,9190.31899
Kraken,btc_eur,9208.4,1601370610.477677,9208.3,3.23255845,9208.4,14.48819561,9190.3194
Kraken,btc_eur,9208.4,1601370610.904197,9208.3,3.23255845,9208.4,14.46445973,9190.3198
Kraken,btc_eur,9208.4,1601370611.36211,9208.3,3.23255845,9208.4,14.4372143,9190.32026
Kraken,btc_eur,9208.4,1601370611.49092,9208.3,3.23255845,9208.4,14.4166133,9190.32061
Kraken,btc_eur,9208.4,1601370612.059384,9208.3,3.42255845,9208.4,13.5189816,9190.33582
Kraken,btc_eur,9208.4,1601370612.327985,9208.3,3.42255845,9208.4,13.49487515,9190.33622
Kraken,btc_eur,9208.4,1601370612.735597,9208.3,3.42255845,9208.4,13.47192464,9190.33661
Kraken,btc_eur,9208.4,1601370613.218421,9208.3,3.42255845,9208.4,13.44952631,9190.33699
Kraken,btc_eur,9208.4,1601370613.805139,9208.3,3.42255845,9208.4,2.73700879,9190.51649
Kraken,eth_usd,356.07,1601370618.13373,356.07,67.67698392,356.08,0.02013,353.83203
Kraken,btc_usd,10751.4,1601370619.964317,10751.4,0.69689361,10751.5,0.59406991,10702.78056
Kraken,btc_eur,9208.4,1601370621.732974,9208.3,1.02255845,9208.4,3.53495892,9190.51674
Kraken,btc_usd,10751.1,1601370629.541627,10751.1,0.028,10751.2,2.60661447,10702.78063
Kraken,btc_eur,9208.3,1601370629.585773,9208.3,1.04772696,9208.4,7.53992167,9190.51819
Kraken,btc_usd,10751.1,1601370629.943876,10751.1,0.027,10751.2,4.85161447,10702.7807
Kraken,btc_eur,9208.3,1601370631.884198,9208.3,1.0264841,9208.4,8.92816623,9190.51854
Kraken,btc_usd,10750.8,1601370633.287079,10750.8,0.132,10750.9,4.97612117,10702.78077
Kraken,btc_usd,10750.8,1601370633.630491,10750.8,0.131,10750.9,4.97612117,10702.78084
Kraken,eth_eur,304.8,1601370635.497425,304.79,58.37869991,304.8,0.13972,303.69839
Kraken,btc_usd,10750.8,1601370635.887727,10750.8,0.13,10750.9,4.91902179,10702.78091
Kraken,btc_eur,9208.3,1601370637.233561,9208.3,0.9690191,9208.4,8.85728877,9190.51948
Kraken,btc_eur,9208.4,1601370638.16815,9208.3,0.9690191,9208.4,7.19455988,9190.53605
Kraken,btc_eur,9208.4,1601370641.191615,9208.3,0.9690191,9208.4,7.18641782,9190.55259
Kraken,btc_eur,9208.3,1601370643.253613,9208.3,0.95104781,9208.4,7.18641782,9190.55289
Kraken,btc_eur,9208.4,1601370643.315519,9208.3,0.95104781,9208.4,6.28878612,9190.5677
Kraken,btc_eur,9208.4,1601370645.813339,9208.3,1.65718837,9208.4,5.58941349,9190.56944
Kraken,btc_eur,9208.4,1601370645.826491,9208.3,1.65718837,9208.4,5.04783909,9190.57837
Kraken,btc_eur,9208.4,1601370649.840743,9208.3,0.95104781,9208.4,7.95058636,9190.57845
Kraken,btc_eur,9208.3,1601370650.13537,9208.3,0.53954781,9208.4,7.95058636,9190.58518
Kraken,btc_usd,10748.9,1601370651.896274,10748.9,0.429,10749.0,1.18702576,10702.78097
Kraken,btc_usd,10748.9,1601370652.271665,10748.8,0.001,10749.0,1.32367024,10702.78104
Kraken,btc_eur,9208.3,1601370652.559023,9208.3,0.45181719,9208.4,8.04753483,9190.58662
Kraken,eth_eur,304.79,1601370656.00548,304.79,61.45033613,304.8,16.76573,303.6984
Kraken,eth_usd,356.05,1601370656.109782,356.02,10.5,356.05,19.60379694,353.83234
Kraken,btc_usd,10748.8,1601370659.15371,10747.3,0.029,10748.9,1.75472747,10702.78111
Kraken,btc_eur,9208.3,1601370660.201543,9208.3,0.36408657,9208.4,8.08373777,9190.58806
Kraken,btc_eur,9208.3,1601370661.612991,9208.3,0.29044657,9208.4,8.08373777,9190.58926
Kraken,btc_eur,9207.2,1601370661.631895,9208.3,0.00011291,9208.4,8.08373777,9190.59921
Kraken,btc_usd,10748.2,1601370661.834658,10748.2,0.07642478,10748.6,0.06452805,10702.8045
Kraken,btc_usd,10748.2,1601370662.024012,10748.2,0.07542478,10748.7,0.05709938,10702.80456
Kraken,btc_usd,10748.2,1601370662.515845,10748.2,0.07442478,10748.6,0.06452805,10702.80463
Kraken,btc_eur,9207.3,1601370662.623388,9207.2,0.53564126,9207.3,17.20519791,9190.60303
Kraken,btc_eur,9207.3,1601370664.323588,9207.2,0.53564126,9207.3,18.07748991,9190.60328
Kraken,btc_eur,9207.3,1601370666.248611,9207.2,0.53564126,9207.3,18.17748991,9190.61868
Kraken,btc_eur,9207.3,1601370667.614414,9207.2,0.53564126,9207.3,17.19373908,9190.63405
Kraken,btc_usd,10748.2,1601370668.543971,10748.2,0.028,10748.3,1.20468784,10702.80469
Kraken,btc_usd,10748.2,1601370668.88873,10748.2,0.027,10748.3,1.30675312,10702.80476
Kraken,btc_usd,10748.3,1601370669.577254,10748.2,0.027,10748.3,1.79889574,10702.80527
Kraken,btc_usd,10748.2,1601370669.797336,10748.2,0.026,10748.3,1.79889574,10702.80534
Kraken,btc_eur,9207.3,1601370670.65018,9207.2,0.53564126,9207.3,18.32630738,9190.64782
Kraken,btc_eur,9207.3,1601370671.541157,9207.2,0.53564126,9207.3,18.31714738,9190.64796
Kraken,btc_eur,9207.3,1601370672.116309,9207.2,0.53564126,9207.3,18.31372543,9190.64802
Kraken,btc_usd,10748.3,1601370675.939619,10748.2,0.026,10748.3,0.06094296,10702.80557
Kraken,btc_usd,10748.3,1601370675.950833,10748.2,0.026,10748.3,0.01576503,10702.80852
Kraken,btc_usd,10748.8,1601370675.957732,10748.2,0.026,10748.8,0.45462131,10702.81248
Kraken,eth_usd,355.92,1601370676.038924,355.86,4.447,356.02,5.05,353.83829
Kraken,eth_eur,304.63,1601370676.136977,304.63,14.905386,304.8,23.58817638,303.70055
Kraken,btc_usd,10748.4,1601370676.245294,10748.3,0.00186299,10748.4,0.43108762,10702.81699
Kraken,eth_usd,355.9,1601370676.292109,355.86,4.447,355.9,21.06241992,353.83829
Kraken,btc_usd,10748.3,1601370676.877581,10748.3,0.00086299,10748.4,2.13347234,10702.81706
Kraken,eth_usd,355.86,1601370677.132016,355.86,0.007,355.87,132.36717759,353.83913
Kraken,btc_eur,9205.2,1601370680.528616,9205.2,2.31786,9205.3,13.73195466,9190.65715
Kraken,btc_eur,9205.2,1601370682.250348,9205.2,1.15893,9205.3,17.53779953,9190.67264
Kraken,eth_usd,355.85,1601370682.888146,355.68,0.39692283,355.87,208.99568229,353.83951
Kraken,btc_eur,9205.3,1601370685.520315,9205.2,2.24105206,9205.3,18.03317445,9190.68137
Kraken,btc_eur,9202.7,1601370687.254509,9205.2,0.00172863,9205.3,18.56937739,9190.71119
Kraken,btc_eur,9202.8,1601370697.535376,9202.7,0.05260325,9202.8,4.91844661,9190.72226
Kraken,btc_eur,9202.8,1601370698.273469,9202.7,0.05260325,9202.8,4.91542821,9190.7223
Kraken,btc_eur,9202.8,1601370699.337762,9202.7,0.05260325,9202.8,7.43232008,9190.72235
Kraken,btc_eur,9202.8,1601370699.751961,9202.7,0.05260325,9202.8,7.38178008,9190.7229
Kraken,btc_eur,9202.8,1601370700.459182,9202.7,0.05260325,9202.8,7.38178008,9190.73395
Kraken,btc_eur,9202.8,1601370703.401353,9202.7,0.05260325,9202.8,7.63446789,9190.74386
Kraken,btc_eur,9202.1,1601370705.449232,9202.1,0.01010325,9202.8,8.93166208,9190.74536
Kraken,btc_eur,9202.2,1601370711.704911,9202.1,0.01010325,9202.2,3.63787581,9190.74645
Kraken,btc_eur,9202.2,1601370713.497462,9202.1,0.51010325,9202.2,3.25851831,9190.75042
Kraken,btc_usd,10748.4,1601370716.79393,10748.3,0.00086299,10748.4,20.0288844,10702.81902
Kraken,btc_eur,9202.2,1601370727.428907,9202.1,0.51010325,9202.2,4.16418541,9190.76087
Kraken,btc_eur,9202.2,1601370729.315732,9202.1,2.91010325,9202.2,3.08429014,9190.76092
Kraken,btc_eur,9202.2,1601370730.2267,9202.1,3.44010325,9202.2,0.0480872,9190.77136
Kraken,eth_eur,304.51,1601370730.282976,304.5,15.17210766,304.51,276.63351353,303.7007
Kraken,btc_usd,10746.0,1601370731.194607,10746.0,0.39986299,10748.4,16.86783693,10702.81909
Kraken,btc_usd,10746.0,1601370731.370377,10746.0,0.39886299,10747.9,1.34051218,10702.81915
Kraken,btc_usd,10746.0,1601370731.562369,10746.0,0.39786299,10747.0,0.35281982,10702.81921
Kraken,btc_usd,10746.0,1601370732.067108,10746.0,0.39686299,10746.1,5.56177486,10702.81927
Kraken,btc_eur,9202.3,1601370733.155767,9202.2,2.75,9202.3,1.1023683,9190.78079
Kraken,eth_eur,304.51,1601370738.311969,304.5,56.87210766,304.51,260.50413353,303.70071
Kraken,btc_eur,9202.5,1601370738.653507,9202.4,2.52,9202.5,0.48090865,9190.78193
Kraken,eth_eur,304.51,1601370742.472891,304.5,66.26595381,304.51,258.74713353,303.70088
Kraken,btc_usd,10744.7,1601370746.085115,10743.9,0.69845239,10744.7,0.00016841,10702.82827
Kraken,eth_eur,304.51,1601370747.555283,304.5,102.31131192,304.51,257.17007072,303.70103
Kraken,btc_eur,9202.5,1601370755.413135,9202.4,0.02,9202.5,4.01814915,9190.79259
Kraken,btc_eur,9202.5,1601370758.327274,9202.4,0.02,9202.5,3.59437286,9190.80324
Kraken,btc_usd,10741.5,1601370759.394906,10741.5,0.66109264,10742.1,1.89976229,10702.83105
Kraken,btc_eur,9202.5,1601370761.143483,9202.4,0.02,9202.5,2.21583251,9190.81278
Kraken,eth_usd,355.69,1601370761.867398,355.66,0.26061923,355.71,21.09253245,353.84003
Kraken,eth_eur,304.51,1601370762.99487,304.5,70.53351664,304.51,255.57007072,303.70118
Kraken,btc_eur,9202.5,1601370766.423932,9202.4,0.02,9202.5,6.2114417,9190.8128
Kraken,btc_eur,9202.5,1601370769.172516,9202.4,0.02,9202.5,4.17131876,9190.81284
Kraken,eth_eur,304.51,1601370776.363078,304.5,11.14873,304.51,301.4925171,303.70173
Kraken,btc_eur,9202.5,1601370785.720842,9202.4,0.02,9202.5,5.0279962,9190.82346
Kraken,btc_eur,9202.1,1601370786.327568,9202.1,0.02778532,9202.5,5.0279962,9190.82386
Kraken,eth_usd,355.6,1601370787.596423,355.59,1.22013989,355.6,162.22643599,353.84662
Kraken,eth_usd,355.61,1601370788.633578,355.59,0.02013989,355.61,2.71613524,353.87884
Kraken,btc_eur,9202.2,1601370788.643036,9202.1,0.02778532,9202.2,2.24087152,9190.83418
Kraken,btc_eur,9202.2,1601370789.972524,9202.1,0.02778532,9202.2,3.1729552,9190.83488
Kraken,btc_eur,9202.2,1601370791.652552,9202.1,0.02778532,9202.2,3.3503235,9190.84413
Kraken,btc_eur,9201.9,1601370797.657161,9201.9,0.04026832,9202.2,5.57747513,9190.84455
Kraken,eth_usd,355.63,1601370800.004163,355.59,0.28075912,355.63,7.38960637,353.90532
Kraken,btc_eur,9200.8,1601370800.055778,9201.9,8.619e-05,9202.0,2.2291288,9190.84512
Kraken,btc_eur,9200.5,1601370803.564429,9200.5,0.03136158,9200.6,3.10107218,9190.8452
Kraken,btc_eur,9200.6,1601370808.234074,9200.5,0.03136158,9200.6,4.34190869,9190.84757
Kraken,btc_eur,9200.6,1601370808.252063,9200.5,0.03136158,9200.6,3.76483869,9190.85267
Kraken,btc_eur,9200.6,1601370811.764512,9200.5,0.03136158,9200.6,5.75599592,9190.85269
Kraken,btc_usd,10740.5,1601370813.447177,10740.5,0.00023598,10740.6,11.22110283,10702.83115
Kraken,eth_usd,355.62,1601370813.654813,355.59,0.02013989,355.62,70.65044037,353.92727
Kraken,btc_eur,9200.6,1601370815.587497,9200.5,0.03136158,9200.6,7.03499592,9190.86987
Kraken,btc_eur,9200.6,1601370815.78904,9200.5,0.03136158,9200.6,6.0920953,9190.87865
Kraken,btc_eur,9200.6,1601370818.523886,9200.5,0.03136158,9200.6,5.05309739,9190.88742
Kraken,btc_eur,9200.6,1601370821.462229,9200.5,4.33136158,9200.6,2.13736422,9190.89528
Kraken,btc_eur,9200.6,1601370825.572259,9200.5,6.84946305,9200.6,2.14054236,9190.89533
Kraken,btc_eur,9200.6,1601370825.817591,9200.5,6.84946305,9200.6,1.77539254,9190.8981
Kraken,eth_usd,355.78,1601370826.824325,355.59,21.57920795,355.78,14.45459733,353.95463
Kraken,eth_usd,355.7,1601370829.367893,355.63,30.45824439,355.7,21.07840388,353.95463
Kraken,eth_eur,304.51,1601370831.50621,304.5,54.41049097,304.51,200.5383473,303.70629
Kraken,btc_eur,9200.6,1601370831.716866,9200.5,7.24946305,9200.6,1.29780781,9190.90508
Kraken,btc_eur,9200.5,1601370832.141823,9200.5,7.24288805,9200.6,1.29780781,9190.90514
Kraken,eth_eur,304.51,1601370843.834466,304.5,79.21627336,304.51,200.42863321,303.7063
Kraken,btc_eur,9200.6,1601370844.188106,9200.5,7.24288805,9200.6,2.09435582,9190.90558
Kraken,btc_eur,9200.5,1601370844.848401,9200.5,7.16388805,9200.6,2.09435582,9190.90627
Kraken,btc_eur,9200.5,1601370845.350659,9200.5,7.16250823,9200.6,2.09435582,9190.90628
Kraken,eth_eur,304.51,1601370845.464054,304.5,79.21627336,304.51,186.27869683,303.7076
Kraken,btc_eur,9200.6,1601370845.796018,9200.5,7.16250823,9200.6,1.09435582,9190.915
Kraken,btc_eur,9200.6,1601370848.711019,9200.5,6.74440676,9200.6,0.09435582,9190.92371
Kraken,btc_eur,9200.6,1601370851.652395,9200.5,5.14440676,9200.6,2.8150081,9190.93151
Kraken,btc_eur,9200.6,1601370854.951088,9200.5,7.14440676,9200.6,1.58445897,9190.93997
Kraken,btc_eur,9200.6,1601370874.983991,9200.5,6.74440676,9200.6,13.48345679,9190.94007
Kraken,btc_eur,9200.6,1601370875.567966,9200.5,6.74440676,9200.6,12.48345679,9190.94873
Kraken,btc_eur,9200.6,1601370878.195397,9200.5,4.74440676,9200.6,11.48345679,9190.95737
Kraken,btc_eur,9200.6,1601370881.130527,9200.5,6.74440676,9200.6,11.5539251,9190.96512
Kraken,btc_usd,10740.5,1601370884.037606,10740.5,0.00023598,10740.6,18.31482874,10702.83121
Kraken,btc_eur,9200.6,1601370892.40865,9200.5,7.14440676,9200.6,11.04376729,9190.97105
Kraken,btc_usd,10740.6,1601370893.418527,10740.5,0.56228996,10740.6,1.32197564,10702.85829
Kraken,btc_usd,10740.6,1601370894.948632,10740.5,0.56228996,10740.6,1.26473029,10702.86139
Kraken,btc_eur,9200.5,1601370895.88159,9200.5,7.16000823,9200.6,11.04376729,9190.97107
Kraken,btc_eur,9200.6,1601370896.047266,9200.5,7.16000823,9200.6,11.02270083,9190.97125
Kraken,btc_eur,9200.6,1601370897.903231,9200.5,7.16000823,9200.6,10.85170083,9190.97273
Kraken,btc_eur,9200.6,1601370904.731476,9200.5,6.74190676,9200.6,10.86513132,9190.9731
Kraken,btc_eur,9200.6,1601370906.545131,9200.5,6.74190676,9200.6,10.86003936,9190.97315
Kraken,btc_eur,9200.6,1601370908.098594,9200.5,2.74190676,9200.6,9.86003936,9190.98175
Kraken,btc_eur,9200.6,1601370908.356232,9200.5,2.74190676,9200.6,9.85540455,9190.98194
Kraken,btc_eur,9200.6,1601370909.201575,9200.5,2.74190676,9200.6,9.82946073,9190.98217
Kraken,eth_eur,304.55,1601370910.315507,304.54,191.40418236,304.55,48.89763511,303.70771
Kraken,eth_eur,304.55,1601370910.556943,304.54,191.40418236,304.55,47.76364102,303.70782
Kraken,eth_usd,356.04,1601370910.654652,356.04,13.29425049,356.08,0.02013,353.95484
